5491 4203
3317 110 4551 304 Exk. 8 Mei 1859 No 59
4022 239 5098 476 Gravenhage den 6e Mei 1859
3064 765 3368 982 N:o 6.
1687 875 2789 1054 vergunning te verleenen
1692 1018 2830 1159 mits geene geldpremiën
1699 1119 2665 1300 worden uitgeloofd.
1788 1226 2710 1365 2=o Te A bepalen:
1735 1334 2787 1510 dat de uit te geven
1671 1432 2780 1563 loten, het proces-ver„
1671 1534 2780 1671 baal der trekking
1687 1644 2691 1766 indien zoodanige
3855 1709 5311 1881 Bij het rekest, hetwelk de Ondergeteekende de
1695 1735 2746 1924 akte wordt opge-
1711 1847 2760 2003 maakt, benevens de
3444 1852 5234 2024 eer heeft, Uwe Majesteit, hiernevens, aantebieden
1718 1957 2784 2096 verdere stukken tot
3444 1948 5320 2141 wordt door I. Bosboom en Louis Meyer, kunse
3432 2084 5229 2249 Schilders, te's Gravenhage, vergunning verzocht, tot
1706 2060 2770 2180 de verloting betrek:
3348 2165 5265 2268 het houden eener verloting van eene Schildery, ge„
1704 2161 2698 2323 kelyk, zullen zijn
3425 2263 5277 2440 schilderd door C.L.W. Dreibholtz, waarvan de op„
1730 2268 2694 2426 vrijgesteld van de
3418 2368 5244 2529 „brengst geheel zal strekken, ter ondersteuning van
1718 2383 2722 2524 regten van zegel
1718 2483 2495 2610 en registratie.
3437 2466 4749 2655 eenen hulpbehoeven den Kunstenaar.
3724 2567 5311 2734 Bij den Ondergeteekende bestaan tegen de
1838 2548 2715 2701 dat door den heer
3449 2674 5029 2823 inwilliging van het verzoek geen bezwaren.
1687 2674 2727 2825 Staatsraad, Commis,
3604 2765 5282 2954 Hy heeft, mitsdien de eer, in overeenstem„
1683 2784 2734 2935 Sares des Konings
1704 2885 2818 3011 in de provincie Zuid
3425 2904 5339 3047 „ming met het hierby overgelegde gunstige berigt van den
3401 2983 5265 3145 Staatsraad - Commissaris des Konings in de provincie
1671 2980 2682 3162 Holland zullen
1718 3069 2772 3226 worden vastgesteld
3432 3090 5349 3277 Zuid Holland, Uwe Majesteit eerbiedig voor te stellen
3437 3193 5289 3317 om, door bekrachtiging van bygevoegd ontwerp van
1706 3195 2801 3365 het getal en den prijs
3437 3298 5334 3477 besluit, het verzoek, in bovenstaanden zin, onder de gebruik
1730 3293 2751 3451 der loten, den tyd
3437 3411 5311 3578 lyke bepalingen en vrijstelling van regten, in te willigen
1742 3406 2777 3518 wanneer en de wyze
3884 3499 5220 3640 De Minister van Financien
1747 3525 2729 3688 waarop de verloting
4278 3645 5129 3850 van Bosje
2579 3716 2758 3860 Zal
2911 3750 3846 4018 Aan den Koning.
