5479 4130
2879 543 3409 665 10 Mei 185
3714 546 4985 676 W1. WILLEM III, B1U DE GRATIE GODS
3852 666 5002 752 KONING DER NEDERLANDEN, PRINS VAN
3852 760 5002 839 ORANJE-NASSAU, GROOT-HERTOG VAN
2934 764 3211 880 No. 47
3852 831 4597 935 LUXEMBURG. ENZ., ENz., ENZ.
4080 934 4956 1154 Gezien het request van
4096 1103 5034 1252 snos Gardissal, woonachtig te
4252 1195 5086 1329 icilium gekozen hebbende bij L. —
3934 1231 4129 1353 Parijs
3945 1288 5058 1451 vonk, solliciteur te's Gravenhage
3975 1410 5062 1535 daarbij verzoekende, om overeenkom
3982 1521 5010 1673 stig de wet van den 25 Januarij 10
3988 1597 5028 1734 Staatsblad N: 6 te verkrij
3977 1690 5110 1842 gen een octrooi voor den tijd van vijf
3953 1790 5088 1945 tien jaren op de invoering in dit
3942 1896 5135 2049 Rijk van toestellen om het voedings„
3958 2015 5094 2138 water voor stoomketels behoorlijk te
3977 2128 5086 2244 cuiveren, waarvoor hij verzekert,
3959 2223 5092 2367 dat in Frankrijk den 19 Februarij
3959 2348 5062 2467 1859 een brevet voor den tijd van
3972 2464 4945 2587 vijftien jaren is verleend
3959 2557 5105 2682 aan Guillaume Daniel Wagner en
3989 2727 5081 2894 waarvan hij verklaard is de eerste
3996 2826 5099 2974 invoerder te zijn, blijkens het Proces
3989 2912 5092 3042 Verbaal opgemaakt bij het inleveren
3996 3011 4993 3156 der stukken, ter griffie van de
3989 3083 5135 3231 provincie zuidholland, den 22 Febru„
3956 3208 4195 3379 arij 185
4156 3268 5137 3421 Gezien de teekeningen, welke hier„
3977 3366 5100 3496 nevens zijn gevoegd, en de teschrijving
3996 3463 5032 3575 waarvan de inhoud is als volgt:
4156 3599 4763 3727 Fiat insertio
4086 3703 5099 3817 elet op Art 5 der wet van den
4037 3790 4509 3928 Januarij 1817.
4873 3863 5075 3955 Hebben
