5481 4223
3554 193 4843 369 Een 8 Mei 1859 No 47.
4065 373 4780 592 Gravenhage den 7
4791 412 5087 585 Mei 1859
3219 369 3410 562 N=o 13
3274 601 3510 739 Jdeeling
2928 808 3817 981 Binnenlandsch Bestuur
3506 1829 5107 2009 k heb de eer Uwer Majesteit aantebieden een
3340 1945 5164 2059 brief van den Burgemeester van Dokkum, verzo
3340 2063 5153 2195 kende om daarbij vermelde redenen even als vroege
3360 2136 5164 2305 verdaging van de opening der Stembriefjes, welke
3374 2241 5135 2359 op den 10: dezer maand in het hoofdkiesdistrict
3417 2332 5182 2468 Dokkum zullen worden ingeleverd voor de verkiezin
3340 2450 4725 2598 van leden van de Provinciale Staten
3435 2573 5130 2705 Ik heb de eer een ontwerp van besluit tot in
3358 2659 5182 2832 williging van dat verzoek, Uwer Majesteit eerbied
3351 2764 4402 2932 ter bekrachtiging aantebieden
3865 2876 4639 3083 De Minister
3829 3044 4839 3201 Binnenlandsche Zaken
4434 3178 4680 3362 Kutje
2967 3622 3686 3827 Aan den Koning
