5479 4130
732 797 2452 979 Dans le même but. les deux claisons inférieures pfs...... portent. implantia sur leur surface suprécieuse
725 956 1289 1048 plusieurs petites cloisons verticales
622 995 2441 1137 d. Chapelle en fonte, interparé sur le luyau de sortie st...; elle porte à son intérieur, un tannée r en cuivre, recouvert
741 1078 2461 1211 d’un dieque filheur enfendre, cette chapelle constitue le commencement du tuyau pour la sortie de l’eau jurifice, en
737 1160 2445 1269 même temps que la continuation du tuyau de la pompe alimentaire. Elle conferme à sa partie sujouinne ; par un
744 1255 2429 1354 convercle, qui se fixe jointif à l'arde d'une vie de pression, laquelle ne s'écrire sur un jong; ce denier agresé à m
739 1317 1082 1439 bride de la chapelle d
822 1365 2434 1522 Cette disposition a pour bien de vouloir facilement l’interieur de la chapelle d pour nettoyer le fitre si de
732 1504 1204 1600 dépôts bovenx sont venus l'oboté
626 1575 2477 1653 7 Teunie en cuivre. recouvert d'un dinque de feutre, dans le but de retenir (quand cela se présente à la sortie du
739 1632 2369 1748 réservoir B) les particules les plus légues qui furnagent et qui ont été entrainées par le courant d'eau.
633 1720 2302 1817 Éprouverte ou rolinck d'essai, destiné à connaitre le niveau de l'eau à l'intérieur du réservoir B. —
638 1775 2459 1913 2h... Quatre étagères en fer méplat, rivite aux parvie intérieures du rienvoir B; un elles supportent le claisont p.
755 1849 2443 1980 qui reposent sur des tasseaux houzontaux. ajustés à quere d'hironde sur les dites bandes de fer méplat
1547 1918 1849 1973 en regard l'une de l'autre
741 1941 2434 2061 Il nous reste à ajoutée que les parois 2 verticales, vennet aux clouars pp, s'inclinent légènement en
638 2008 2448 2132 deraction, l'une vere l'autre pour conduire l'eau d'une cloison supérieur, sur cette inrédiatement inférieure, de telle
629 2084 2450 2217 sorte qu'il se forme une cascade continuelle d'un seul côté de l'appareil, sais quil soin possible à une goutte d'eau de
631 2178 2445 2273 de déverser sur l’autre êdé. - - Chaque goutte d’eau préconcen ainsi successivement la longueur de la surface
640 2238 2473 2365 supérieur et inférieure de chacune dit cloiront. un Les or facie des claisons pp....,, doivent être bien plusie
649 2319 2461 2438 afin que la division et l'écoulement de l'eau soient parfaitement ainsaimes sur toutes les joursieurs des mêmes
649 2431 836 2521 surfaat.
753 2471 2454 2597 Par suite de l’horizontalité des cloisons pp.... et d'une faible épaisseur de la nappe d’eau
619 2547 2454 2680 parcemant cet clorsont, on comprendra que lorsque cette nappe aura parcouru la face supérieure d'une des
624 2646 2137 2740 claroont elle parcourra ensuite, par le phénomène d'adhérence, la face inférieure de la
2148 2613 2452 2715 ême eloison, et
707 2627 1064 2692 une partie de cette nappe d'eau
1262 2708 1363 2758 presque
631 2705 2084 2827 qu’ainsi, pour une seule cloison, on aura ^ doublé le journaux et la surface de chauffe
762 2791 2471 2901 Pour consacrer en bon état les eloisons pp.... en pour faciliter leur nettoyage, qui a lieu dan
659 2839 2482 2982 les cas ordinaire tous les six mois envieren, on peint leur surface avec un enduit composé d’huile de
638 2910 2461 3053 poisson et de noir de suivre, ce qui, tout nouvellement, empêche l'adhérence des dépôts en facilite le
649 3044 813 3145 nettoyage
751 3085 2477 3198 De même aussi, quand l’appareil entre en fonction pour la 1.e fois, on enduit les claisons avec
640 3191 1027 3290 la même peinture. —
746 3235 2464 3350 Tout les jointe de l'appareil sont faite avec des bandes de caoutchoue vulcanisé, en sorte que le
647 3318 2480 3424 démontage, le nettoyage et le remontage sont faite avec la islut grande facilité en avec la plus grande
1626 3426 1697 3567 2.
656 3422 797 3516 rapidité
3507 774 5151 889 L’appareil que je vient de décrire peut-on le comprendra facilement, soin, soit à la condentation
3364 859 5135 967 des rapens; soit à l’échauffemont des liquides quels qu’ils soient. Ainsi. par exemple pour concentrer.
3412 937 5132 1013 un inop, je peut le faire parcourir, divisé ou nappel minées et continués, la surface de toutes les clous
3382 1013 5171 1112 et injenter toujours en seul inverse du courant liquide, en lieu et place de la rapen. un courant d'air,
3398 1073 4872 1223 en autre gaz, chauffé en non. poussé par un ventilateur lespirant ou soufflant.
3693 1200 4870 1352 Observations sur la marche de l’Appareil.
3521 1287 5125 1425 Léan froide –, eau de rivière ou de puite, quelque chargee qu’elle soit, arrive par le tuyau a dan
3394 1375 5121 1506 le récipient A et là, elle s'échauffe à une température voisine de 80 à 100=0, en raison de ce que la rapen
3394 1446 5141 1563 qui entre par le tuyau b et sorte par le ruyau C. échauffe le diaphragine qui sert de plancheri
3389 1540 3795 1632 A et de plasond à B.
3493 1605 5144 1734 L'eau chauffée continue dont le récipient A, s'introduit ensuite dans le réservoir B par le robina
3389 1676 5160 1817 ce dernier étant, comme nous le savons, manauré par une tige veiticale mise en mouvement par une
3389 1768 3643 1858 manette C. —
3502 1837 5146 1953 L'eau s'écoule donc par ce robinct, en un mina filst sur la 1ère du cloiront, chauffée par la
3373 1909 5165 2045 vapeur, et la cette eau s’étale en nappe mince pour parjourir successivement les insacat supérieures
3401 1989 5132 2102 et inscrieures de chacune des cloisons un dans ce parcourt, elle est constamment bouillante; elle
3394 2061 5141 2183 arrive en cet état sur le fond du réservoir B= d'où elle est aspicée par la pompe alimentaire qui la
3405 2153 5178 2273 fait passer: dans la chapelle du pouv, de la silleur au travers du tamis r, et enfin se rendre épuice en
3403 2227 3753 2326 Hiltee au genérateur.
3484 2289 5132 2413 Il est convenable de faire que le fond du réservoir B soir place à environ 50 c/m au-desoistre des
3424 2381 5125 2491 lapets de resoulement de la pompe alimentaire, afin que ceux-ci soient constamment noyer. —
3495 2445 5109 2556 L'eau étant obligée à couler d’elle-même sur la pampe; il ressort de ce que nous venons
3401 2514 5132 2648 de dire, que la quantité d’eau à faire passer du récipieur A, dans le réderveur B, est réglée par le
3394 2620 5144 2708 robiner ou et que celle-ci est en rapport avec la dépense de la prise de rapen, on doit donc règler
3389 2689 5121 2802 l’aiguille de la manette c, on raison de la poëtien du niveau d’eau, du flotteur, der robiviert d'eprouvé
3369 2747 4750 2874 ou de tout autre appareil indicateur de la hauteur de l'eau dont le générateur
3502 2837 5135 2956 D'après la marche d'écrite ci-dessus, on voit que l'eau s'écoulant en petit filer du
3382 2892 5144 3000 rabinet 0, doit s’étendre en nappe mince, et circuler successivement sur chacune des deux confaes
3394 2975 5125 3106 de toutes les cloisons chauffées par la vapeur, lesquelles eloisont, en raison de leur disposition
3401 3055 5132 3157 chicance, obligent la vapenr à une circulation continue dans tous les espaces formés par deux
3394 3124 5162 3242 cloisons successiver du réservoir B: un Par là, on obtient une grande surface de chauffe agissant
3412 3205 5139 3339 sur des nappet minées, dans un esface excescirement restreint. L'eau étendue ainsi avec un
3412 3274 5162 3408 tien faible, épaisseur pendant tout son parcomt sur les claisons chauffées, de maintient constamment
4315 3385 4393 3463 3.
3412 3435 5102 3523 On voit alors que la vapeur d'échappement arrivant dans le réservoir B, sécoule entre les
3394 3518 5125 3606 doisons en sens inverse de la nappe d'eau qui descend lentement et en cas cade sur un des côté
3389 3592 5121 3663 du réservoir; on obtient ainsi dans les meilleures conditions, un échauffement graduel de l'eau
3389 3640 5236 3765 d’alimentation; en effet la vapeur la plus chaude rencontre d’abord les couches d'eau les plus échauffées en réciproquement.
