5481 4211
829 399 2289 616 Legende explicative des Figures
1357 661 1838 818 Désignation
556 849 2693 1020 — Vue respective d’une portion de cylindre, avec son Eube intérieur, si
544 963 2685 1114 et l'autre en Eôle perforée; l'intervalle annulaire devant être remple
556 1089 2690 1271 d’une seule couche de matière filtrante, élastique, comprimée à la
567 1223 781 1305 presse
556 1314 1895 1448 — Campon en fonte, ou en bois, vu de profil
376 1396 2668 1593 3=63 — Le même, vu en dessins, avec les clavettes en place et la protection
544 1513 1895 1670 du raccord, pour la sortie de l'eau clarifiée
533 1602 2653 1776 Petit cy sindre Embulaire, vissé au fond d'une simple barrique, et fourni
567 1733 2665 1921 beau clarifiée par un Robinet, dans un récipient inférieur, qui, dan
550 1838 1890 2018 cette figure, est une couche en terre cuit
1548 1978 2155 2126 _b' _id. pour l'eau brute
553 1958 1320 2120 -b = Robinet pour l’eau clarifice
550 2095 2676 2243 Récipient ayant la forme d'un broc en tôle de fer, zine, etc. pour la
556 2189 1123 2300 même destination.
567 2311 2460 2448 M=a Le récipient repose dans une large onverte plate pour éviter le repandage de l’eau
593 2403 2673 2582 Même disposition avec une cuve en tôle d’environ 0.m 80 de profondeur
561 2519 2126 2628 recevant l’eau à clarifier d’un réservoir supérieur.
567 2605 1382 2742 6. Robinet pour l'eau clarifiée
1559 2602 2135 2770 -b' - id. pour l'eau brute
1955 2710 2138 2884 7e
567 2696 1405 2961 Ustensiles pour le nettoyage.
855 2916 2314 3089 Filtres immergés fonctionnant par aspiration
587 3132 2650 3340 Filtre Portatif, à pompe plongé dans une Rivière, canal ou Etang
581 3315 2326 3437 t'versant l'eau clarifiée, dans un sceau, placé sur le bord.
604 3414 2639 3605 Disposition inverse, pour le nettoyage de l’appareil au moyen de
561 3531 1123 3676 la même sompe.
604 3642 2588 3825 La faculté d’aspiration dans ce système pouvant aller jusqu’à
3622 182 4395 339 Désignation
3061 396 5181 590 environ 10m La Fig 7 représente le puitage & la clarification
3050 544 5158 741 de l’eau extraite de Barriquer placées à fond de cale d’un Navi
3072 678 5164 898 Appareils fixes, ou filtres immergés, groupés de part & d'au
3044 841 4626 1040 du tuyau d'aspiration d’une forte pompe
3044 989 4748 1183 A B. Cuyau en fonte avec joint à brides ff. idem de nettoyage
3038 1114 4876 1325 C. C. Cylindres-Enbulaires immerges. M. n Boyan de refoulement
3032 1254 3620 1442 dd. Robinets, d'arret
3038 1411 4797 1599 N=o Il est souvent plus commode de placer tous les filtres d'un seul côté
3038 1525 4990 1756 Filtres Eubulaires fonctionnant par Siphonnement
3078 1704 5121 1892 Dans ces deux cas la branche inférieure du siphon étant forme
3018 1847 5139 2061 d’un Boyau flexible le remplissage (pour amorcer) se fait par le
3015 1978 4532 2197 robinct inférieur, momentanement relevé
2907 2120 5116 2346 11. Le même mode s'appliquant à un système de Eugaux fixes
3015 2271 5139 2497 l'amerçage se fait à l'aide d'un Robinct supérieur, qui sert
3032 2460 5136 2636 même temps de ventoube pour la sortie de l'air de l’intérieur
3018 2596 3403 2799 du Eugan
3209 2705 4474 2921 Appareils a euves sermées
2887 2841 4737 3052 12 Disposition d'un Filke à cuve Verticale
3012 3030 3790 3223 11. Cuveen tole renfermant le filtre
4113 3012 5121 3218 a.b. buyan & raccord, d’arrivée, de l'eau bint
4124 3144 5139 3360 c. d. Raccord & Ruyan conduisant l'eau à un èt.
3015 3166 3867 3369 N Retervoir, dela Sompe, de nettogage.
4124 3297 5013 3506 D. Robinch, d'arret pour la dompe
3018 3315 3865 3506 A Robinct, d'arret pour l'eau Ernte
4135 3466 4888 3659 E. Vidange, de l'eau, de nettoyag
3027 3463 3799 3645 B. id pour l'eau clarifiée
4124 3594 5093 3805 C. f. q. Boyan de Crantmission (p.r le nettoyag
3166 3634 3582 3759 id de service
4104 3756 4774 3904 h Robinet, de Ventousage.
