5491 4203
3220 221 4478 403 Eisch 8 Mei 1859 N:o 68
3557 388 5003 580 s' Gravenhage, den 6 Mei 1859
4660 1113 4966 1353 8 mei 59
4615 1157 4812 1217 ampen
3011 1545 3200 1737 L: A:
3031 1768 3250 1899 N.o 14
3527 1841 5109 2243 Ik heb de eer Uwer Majesteit
3314 2186 5175 2356 hiernevens aan tebieden eene missive van
3299 2306 5190 2461 den Gouverneur- Generaal van Nederlands
3306 2380 5207 2574 Indie, dd 17 february 1859, N.o 132/4, waar
3311 2496 5170 2667 by aan de gunstige beslissing des Opperbe¬
3286 2621 5197 2793 stuurs wordt onderworpen een door den, by
3296 2722 5212 2891 besluit van 15 Augustus 1858, N:o 11, op zijn
3294 2830 5185 2979 verzoek, eervol uit's lands dienst ontsla¬
3318 2938 5275 3097 gen resident van Timor S. G. F. Fraenkel
3299 3063 5163 3247 by het in afschrift overgelegde rekest, ge¬
3264 3144 5237 3345 dagteekend Batavia, den 14 February 1854
3318 3279 5282 3419 gedaan verzoek, strekkende om, naar rede
3296 3412 5197 3584 van eenen 24 jarigen diensttyd, te worden
3296 3522 5195 3694 gesteld in het genot van een jaarlyksch
2855 3651 3011 3809 745
2864 3689 3810 3923 Aan den Koning
5036 3748 5263 3799 pen
