5395 4318
3089 421 3520 567 Mei 1850
2956 584 3141 748 73
3460 612 4764 734 WIS WILLEM III, B1J DE GRATIE GODS
3377 731 4761 839 KONING DER NEDERLANDEN, PRINS VAN ORANJE NASSAU,
3377 831 4540 969 GROOT-HERTOG VAN LUXEMBURG, ENZ., ENz., ENZ
3939 976 4945 1172 Op onderscheidene aan Ons inge
3920 1146 4785 1251 diende requesten om gratie,
3951 1226 4987 1381 Gezien de adviezen der daarby be.
3920 1322 5030 1467 trokken regterlyke Collegiën, mits
3920 1441 4894 1563 gaders het rapport van Onzen
3896 1512 5006 1655 Minister van Justitie, van den
3908 1619 5023 1772 6 Mei 1859, N:o 130, 2e Afdeeling
3920 1719 5083 1889 Hebben goedgevonden en verstaan:
3920 1855 4995 1958 te verminderen tot op drie guld
3903 1939 5030 2081 de geldboete van tien gulden ƒ10: —
3908 2036 5035 2165 waartoe J. Thomassen, schipper
3908 2134 4928 2296 wonende te's Hertogenbosch, b
3903 2267 4992 2360 vonnis van den kantonregter al
3908 2363 5142 2506 daar dd:o 28 Januarij 1859, ter zake en
3903 2482 4921 2625 van het op de vordering van
3903 2586 4992 2730 een kanaal beambte niet verlegge
3903 2689 4992 2824 van zyn schip, onder anderen is ve„
3885 2810 4999 2951 oordeeld; blyvende het vonnis oo
3896 2922 4611 3070 rigens in zyn geheel.
3896 3023 4880 3167 te verminderen tot op drie
3896 3129 4887 3272 gulden de geldboete van tien
3908 3248 4947 3358 Gulden (f10: -) waartoe Petrui
3878 3380 4954 3515 Soffers, molenaar, wonende te
3854 3480 4285 3623 Rijsbergen
4344 3479 4964 3610 by vonnis van den
