5555 4301
995 1138 2702 1278 wettig en overtuigend bewijs is gele
979 1225 2711 1349 verd dat op den 15:e November 1858, in
966 1321 2734 1482 den Molen van den beschlaagden en wel
961 1431 2732 1594 in dat gesteelte waar het Graan en
954 1557 2691 1679 Meel voorhanden was, aanwezig
961 1617 2725 1768 was liggende op een zak met meel
966 1713 2723 1881 een blikke nederlandsche Maat (:kop:)
943 1824 2679 1963 dewelke niet was voorzien van de
961 1906 2725 2080 letter O Gothische vorm, zynde deze
966 2014 2707 2133 letter het herrijstingteeken voor dat
947 2119 2631 2259 Iaar vastgesteld, dat de beschluagde
943 2207 2709 2367 die deze niet herrijszten Maat als
936 2298 2658 2413 de zijnen heeft erstend, alleenelijk
929 2404 2580 2555 tot zijnen verstertiging heeft eingen
931 2482 2707 2622 dat dezelve dit Iaur wel was herrijst
947 2592 2700 2750 maar dat het merk er erf was gestoten
936 2686 2670 2853 of gevallen, doch dat deze gevoerde
936 2787 2658 2938 verdediging, zoo zij al iets zoude
931 2883 2688 2991 Kunnen Afstoen tot het daarstellen
936 2986 2647 3133 van de ten lasten gelegde overtredin
913 3067 2665 3211 zeer zeker thans, als door niet enig
918 3163 2624 3331 vermoeden of schijn van bewijs is
913 3271 2677 3429 gestaafd, in geen aanmerking kan
931 3370 2665 3544 komen; verder behelsd zijn request
3415 225 3750 369 1850 No 4
3445 1112 5131 1303 onwaarheidig, bij het overlijden van
3422 1248 5156 1383 zijne vuiter ruim twee Jaren Gelden
3422 1349 5156 1509 werd slechts eene Minderjarige Dochter
3427 1436 5122 1590 nagelaten, die toen reeds de ouder
3404 1528 5156 1681 „dom van twintig Jaren had bereicht
3776 1681 5042 1837 in de bovenaangehaalde
3422 1775 5078 1922 redenen zijn er geene termen aan
3409 1863 5124 2009 wezig om den beklaagden in zijn
3415 1952 5122 2126 gestaan, verzoek, aan uwe Maje
3390 2048 4934 2197 steit gunstig aan te beveelen
3188 2181 5032 2376 hen den 17:e April De Kanton regter te
4182 2321 5037 2454 inneshen en Bavel
3223 2328 3441 2445 1850
4227 2443 4888 2617 Middeluis
