5429 4222
931 532 2640 718 hetzelve stuk duingrond reeds mogten
997 678 2725 811 ijn en in het vervolg zullen worden
959 776 2087 973 gehevens en omgeslagen.
1133 886 2737 1060 De Heeren Comparanten verklaren
973 994 2687 1172 dat de onderwerpelyke verkoop en koop
978 1102 2718 1215 is gedaan en gesloten om en voor eene
978 1194 2633 1358 somma van Drie Honderd een en
985 1311 2734 1480 twintig Gulden twee en veertig en een halve
1001 1416 2718 1573 Cent, welke koopprys door den Heer Com:
978 1517 2730 1658 parant kooper zal worden gekweten on
978 1623 2687 1749 „middelyk na de goedkeening van dito
978 1724 2699 1843 Contract door zyne Excellentie den Heer
973 1829 2683 1951 Minister van Finantien zoo als hiervore
973 1921 2711 2071 is gemeld, ten kantore en op quitantie
978 2038 2629 2211 van den Ontvanger der Douveinen te
978 2153 1625 2307 's Grovenhage.
1241 2183 2648 2399 Verklaiende de Heer Comparant
978 2347 2669 2500 verkooper behoudens die goedkeming die
959 2443 2723 2619 heer Comparant komen wyders te stellen en te vestigen
966 2549 2723 2725 in het bezit en den eigendom van het voor
985 2652 2664 2826 melde by hem gekochte stuk duingrouw
985 2760 2723 2927 en in alle regten en vorderingen daaraan
985 2882 1480 3027 verbonden.
1163 2964 2723 3133 Consenteerende de heer Comparant
990 3063 2676 3241 verkooper dat na de voorschrevene
1006 3161 2758 3332 goedkeuring een afschrift der tegenwoordige
905 3260 2791 3424 acte worde overgeschreven ten kantore
990 3374 2669 3557 van de bewaring der hypotheken te
1013 3485 1637 3632 's Grovenhage
1058 3583 2723 3761 Eindelyk is nog tusschen partyen overeenge,
1020 3705 1348 3834 komen:
3449 434 4861 631 Vooreerst. Dat's Ryks Domein nu
3379 565 5124 741 zal verpligt zyn tot het dragen van eenig
3384 668 5129 849 kosten in het doorstellen of onderhouden
3403 757 5189 924 van de afscheiding bedoeld by artikel 670
3407 877 4901 1025 van het Burgerlyk Wetboek en
3426 990 5147 1156 Ten anderen: Dat de Heer Comparant
3403 1095 5129 1233 kooper zal dragen en betalen alle
3396 1208 5086 1372 de regten en kosten op deze acte en
3396 1309 5105 1466 hare gevolgen vallende, de leveren„
3403 1407 5178 1592 van voorschreven stuk. duingrond dat
3391 1517 5129 1684 ouder begrepen, benevens het een derde
3403 1616 5082 1766 gedeelte in de kosten der schatting.
3581 1717 5197 1895 Ten slotte hebben de Heeren Compa
3407 1834 5136 1972 ranten, de Heer Comparants verkooper
3407 1928 5105 2101 voor's Ryks Domeinen, verklaard ter
3403 2045 5105 2216 betere ten uitvoerlegging dezer acte
3419 2148 5112 2317 geromen tlyk, domicilie te verkeeren
3349 2249 5159 2371 ten kantoren van den jongsten procu„
3379 2352 5100 2528 „reur by de Arrondissements Regtbank
3405 2453 5136 2624 te's Gravenhage in der tyd en aldaar
3391 2563 5129 2732 woonachtig onder verband als naar
3393 2673 3717 2821 regtens.
3839 2776 4613 2924 — Waarvan Acte
3553 2826 5129 3037 Gedaan en verleden te's Gravenhage
3396 2959 5129 3149 op de Prinsengracht Numero 6, in de
3403 3074 5140 3234 tegenwoordigheid van Hendrik Pieter
3365 3185 5093 3360 Boom, zonder beroep en Hendrik
3384 3285 5182 3433 Jelders, Schoolmeester, beiden wonende
3391 3384 5201 3548 te's gravenhage de eerste in de Gort
3403 3487 5154 3661 straat en de laatste in het Hofje van
4800 3679 5023 3808 Nieur
