5491 4203
3221 278 4372 475 Exk 8 Mei 1839 en 6e
4304 451 4983 598 ge, den 5.en Mei 1859.
3926 420 4301 658 's Gravenhu
3634 1719 5234 1973 Ik heb de eer hiernevens onder het oog van Un
3335 1951 5210 2165 Majesteit te brengen eenen brief van den Heer G. De
3319 2068 5218 2257 Costa Gomez de la Penha, op St Thomas, van den
3340 2210 5170 2350 19=en Maart lb, verzoekende te mogen aannemen het
3330 2338 5049 2500 Consulaat Generaalschap van Nicaragua aldaar
3516 2433 5229 2640 Vermits die Heer zegt dat hij geboortig van Curaçao
3335 2571 5244 2749 en Nederlander is, vinde ik geene zwarigheid Uwer Majesteit
3323 2687 5161 2867 bewilliging te verzoeken, om hem een toestemmend antwoor
3440 2818 4771 2986 gemelde aanvrage te doen toekomen.
4178 2962 4804 3186 De Minister
3933 3159 5023 3359 van Buitenlandsche Zaken,
4092 3292 4999 3504 Ikraa hollstein
3091 3530 3822 3841 Aan den Koning
