5403 4197
949 343 2688 576 U, N. 290, hierby eerbiedig wordt overge
942 507 2741 697 legd, bepaald tot het kader van ambte
961 613 2787 808 naren by den Rykstelegraaf en wel to.
947 725 1377 863 de heeren
1160 840 2322 989 G. W. ten Brummeler
1287 965 1542 1134 „ Goo
1370 1079 1746 1218 Houtens
1019 1153 2695 1289 Als meest geschikte technici worden
931 1269 2715 1447 door den Heer Wenckebach, blykens
940 1368 2753 1549 zijn mede hierby overgelegd schryven van
901 1489 2757 1667 dezelfde dagteekening N. 289, in de eerste
935 1607 2299 1727 plaats aanbevolen de Heeren
1472 1708 2144 1882 F. ten Siethof
1120 1810 2084 1921 en P.M. Timmer.
972 1905 2655 2090 De eerste, zonder beroep en uit Neder
912 2021 2757 2211 landsch. Indie afkomstig, heeft zijne op
924 2125 2692 2310 voeding in Nederland genoten en zich in
912 2252 2753 2428 de laatste jaren geheel gewyd aan het vak
935 2357 2776 2530 der electro-magnetische telegrafie, waar
935 2477 2778 2655 in hy veel ondervinding heeft opgedaan
935 2581 2669 2706 door zich werkraam te stellen in de
935 2699 2727 2880 grootste en beroemdite fabriek van te
924 2801 2764 2982 legrafische instrumenten in Europa, na
924 2908 2695 3070 melijk die van de Heeren Siemens en
935 3028 2674 3216 Halske te Berlyn, en door te assisteren
924 3135 2634 3269 by het leggen van telegraafkabels, het
901 3246 2704 3385 daarstellen van landverbindingen, het
924 3382 2590 3521 inrigten en in werking brengen van
901 3498 1308 3618 Stations
989 3593 2753 3741 De ondervinding en kennis van den Hee
3479 354 5260 581 ten Siethoff, zouden vooral te stad
3479 528 5230 688 komen, bij het onverwyld daarstellen
3472 648 5267 769 en inrigten van de drie benoodigde stad
3468 748 5255 935 tions, voor de Batavia-singapore ly„
3447 863 5211 1023 Die Stations, waarvan een te Batavi-
3442 958 4938 1153 één op Banka en een te Sing
3442 1065 5225 1220 moeten met 1.o October aanstaande ge
3438 1181 5211 1354 heel gereed en ingerigt zyn om den ka
3426 1287 5234 1428 bel te ontvangen. Hier voor wordt toe
3461 1419 5202 1586 zigt van een derkundigen vereucht en
3424 1514 5137 1669 dit te meer omdat de Ingenieur der
3426 1604 5248 1780 Gouvernements telegrafen in Nederlandig
3426 1722 5188 1894 Indie op reis herwaarts is met verlof
3486 1831 5211 2023 Het zou daarom hoogst wenichelyk
3442 1940 4771 2102 zijn dat de Heer ten Siet
4762 1958 5248 2123 hoff, uiterlyk
3408 2065 5248 2250 met den eersten overlandpost in de volgend
3419 2176 4135 2313 maand vertrok
3533 2246 5183 2433 De Heer P.M. Timmer is een veel
3412 2359 5195 2521 belovend jong menich, aangaande wier
3408 2475 5179 2637 ik de beste getuigschriften, onder an
3412 2600 5225 2769 deren van den Burgemeester van Arr.
3419 2702 5190 2891 hem, M.r I. I. A. Baron van Pallandt
3394 2806 5188 3014 heb ontvangen, zoowel omtrent zyne by
3412 2954 5112 3091 zondere geschiktheid als mechanicus
3382 3033 5188 3232 als omtrent zijne opvoeding in het al
3401 3174 5199 3329 gemeen en zijn gedrag. Hy zou zich on
3398 3278 5093 3456 der directe leiding van den Ingenier
3412 3389 5199 3577 der Rijkstelegrafen, nog vóór zyn ve
3412 3486 5160 3651 trek naar Indie, verder kunnen be
3394 3602 3792 3753 kwamen
