5481 4211
1054 542 2744 669 subdivise, en fournissant des appareils de formes variées
1080 641 2427 798 mais qui tous reposent sur le même principe
1305 728 2731 903 Voici quelques perfectionnements qu’il ma
1091 859 2731 1028 paru utile d’apporter dans les premières dispositions
1049 990 1390 1135 indiquées
1264 1095 2726 1279 En ce qui touche les Filtres immergés les petits
1036 1222 2761 1384 appareils sont restés conformes aux premieres dispositions;
1025 1355 2731 1500 c’est-à-dire qu’ils sont simplement vissés, avec ou sans
1049 1456 2737 1633 réservoir inférieur, au fond d'une cuve, au réservoir, de
1032 1576 2785 1762 manière à fonctionner sous une faible pression de 0.m 60 d
1025 1701 1231 1843 8.m 80.
1222 1841 2667 1957 Les Fig 3. et 4. indiquent d’ailleurs ses
1047 1950 2011 2110 dispositions les plus usuelles
1233 2059 2731 2237 Pour les appareils les plus grands, l'expérience
1025 2184 2755 2348 montré qu'au lieu de suivre la méthode indiquée par
1019 2313 2768 2466 la Fig. 4 du 1.er dessin, il était préférable de saccorder
1025 2422 2678 2586 directement, le Boyau d’aspization dela Pompe à
1010 2543 2707 2718 l’extrémité du Eube du Filtre; car le vide étant fait
1012 2656 2761 2827 ainsi, dans l’intérieur de ce Zube central, s’appareil
1025 2785 2770 2960 quoique recouvert d'une faible hauteur d'eau, fonction
1019 2912 2713 3078 alors sous la pression d'une atmosphère; charge avec
1012 3030 2195 3181 laquelle il donne de bons résultats.
1205 3135 2702 3312 Dans le cas dela Fig. 10, du même dessin, le
1025 3268 2696 3437 tuyau principal recevant quatre branchements est alor
1017 3395 2689 3561 le tuyau d’aspiration lui-même sur lequel on peut
1019 3515 2267 3682 placer autant de Filtres que l’on veut,
1198 3620 2650 3789 Cette faculté d’atteter directement un ou
3642 181 4390 345 Désignation
3566 573 5243 717 plusieurs Filtres, à l’aspization d’une Lompe, de force
3542 669 5195 822 quelconque, est un des avantages les plus précieux
3522 776 5238 938 résultant de la simplicité de forme et du mode spécia
3542 899 4753 1069 de construction de ce genre d’appareil
3710 999 5201 1183 La Fig. 5. du nouveau dessin, ci-joint, complète
3535 1124 5201 1303 par la légende explicative, rend d’ailleurs sensibl
3524 1259 4486 1434 la disposition dont il s'agit.
3710 1366 5131 1543 Quant à la maniere de grouper, selon ses
3507 1491 5184 1657 circonstances locales, plusieurs cylindees - Filtrants d
3518 1620 5201 1782 l’aspiration d’une même sompe, c’est là un point
3524 1734 5221 1933 de détail, qui ne demande pas d’explication (voi
3522 1867 3767 2018 Fig. 8)
3710 1968 5101 2156 Mais il est un autre genre d’emploi de
3507 2090 5201 2237 l'appareil, qui tout en dérivant du même principe
3496 2230 5201 2385 à lieu dans des conditions spéciales et se préte à des
3513 2339 5162 2508 applications usuelles. C’est celui ou le liquide à
3513 2462 5129 2626 Filtres, étant dans un réservoir, placé à une
3507 2569 5168 2746 certaine hauteur, audessus du sol, le liquide
3487 2693 5170 2884 clarifié est obtenu par simple siphonnement : Ca„
3511 2842 5166 2984 qui d’ailleurs rentre complètement dans le précédent
3500 2958 5138 3109 cavec cette seule différence que le vide, déterminant
3498 3065 5153 3236 l'aspiration, au lieu d’être fait par la Lompe; est,
3507 3190 5149 3338 opéré, (dans les premiers mouwenis de l'ecoulemen
3496 3303 5129 3465 par le liquide sortant du Eube, dans lequel il
3520 3426 4176 3564 fonction de Piston
3669 3535 5131 3699 Les Fig. 9-10 donné, la disposition élémentaire
3520 3662 5136 3846 de l'appareil, qui peut s'appliquer à un volume
