5481 4223
3615 155 4865 321 Ech. 8 Mei 1859 No 45
3985 390 5093 638 Gravenhage, den 6 Mei 1859
3030 397 3364 596 N„o 128
2879 674 3364 827 2e Afdeeling
2839 884 3714 1057 Binnenlandsch Bestuur
4271 1726 5046 1895 evensgaand schrijven
3590 1846 5177 2012 Gedeputeerde Staten van Gelderland, in dat
3429 1893 3581 1977 van
3417 1957 5155 2117 5 April lb N 39/4 werd mij voorgesteld aan Uwe
3411 2090 5171 2221 Majesteit eene voordragt te doen, den tegenwoordig
3422 2156 5144 2340 Arrondissementsijker der maten en gewigten te
3422 2265 5100 2451 Zutphen, naar aanleiding eener van hem bekome
3400 2380 5177 2562 missive tevens de betrekking van ijker van het
3404 2504 4510 2662 vaatwerk aldaar op te dragen
3739 2620 5184 2742 Alvorens daartoe over te gaan, verzocht
3411 2691 5177 2879 ik voormeld Collegie mij mededeeling der missive va
3453 2835 4552 2956 enoemden Ambtenaar te doen
3739 2897 5144 3098 stieraan is bij een nader en mede hier
3429 3043 5166 3205 nevens overgelegd schrijven van Gedeputeerde Staten
3417 3149 4729 3302 in dato 26 April 18 N. 29/4 voldaan
3732 3236 5179 3400 Op grond der daarin vervatte inlichtingen
3422 3340 5148 3519 en tevens uit aanmerking, dat ook de ten vorigen
4913 3537 5093 3621 jare
2959 3486 3566 3723 Aan den Koning
