5481 4211
1704 406 2801 647 cember 1849 (staatsblad)
1717 604 2697 771 No. 62) en bovendien, volge
1691 686 2810 877 dezelfde Klasse verblijfkos
1700 812 2781 936 ten voor drie dagen in de
1691 916 2708 1083 plaats den Teutoonstellin
1702 1075 2755 1277 Onze Minister van Bin
1678 1238 2768 1407 landsche Zaken is belast
1678 1353 2792 1513 met de uitvoering van dit
1681 1466 2714 1615 besluit, hetwelk zal wo
2039 1602 2330 1724 gedeeld
1659 1678 2582 1880 Algemeene Rekenka
1489 1848 2684 2080 l’Gram tage, den 8 Mai 1851
997 1987 1288 2143 Minist.
643 2106 842 2228 Bin
3481 202 4696 378 Tich 8 dier 1859 no 51
2970 447 3331 582 N=o 163
4019 439 5148 608 Gravenhage den 6: Mei 185
2981 630 3415 793 5e Afdeelis
2964 838 3641 984 Onderwijs, Kunsten
3066 1034 3539 1196 Uetenschappen
4175 2061 5155 2208 van den 29:e December 185.
3817 2089 4132 2219 ij besluit
3433 2156 3737 2280 N=o 42
3763 2169 5165 2273 zijn door Uwe Majesteit ter bevordering o
3441 2256 5165 2417 schoone kunsten en ter aanmoediging harer beve
3448 2373 5142 2449 naren faarlijks van ’s Rijks wege beschikbaar
3448 2436 5142 2549 gestelt zes gouden medailles en ben ik gemagte
3411 2525 5155 2692 tot regeling van al hetgeen betreft de wijze, wi
3448 2621 5128 2784 op die medailles voor elke tentoonstelling zull
3441 2716 4134 2829 worden, toegekend
3674 2807 5161 2940 Het is mijn voornemen voor de tentoonste
3448 2894 5155 3053 ling, die eerlang in deze residentie staat te word
3472 2983 5118 3122 espend een purij van bevordeeling te benoemen
3448 3077 5128 3218 zamen gesteld uit kenners en begunstigers der
3441 3168 5155 3311 schoone kunsten doch zal alsnu nog behooren
3441 3274 5159 3415 te worden bepaald, op welken voet reis- en verbly
3428 3359 5155 3487 kosten kunnen worden in rekening gebragt door
3424 3448 5057 3541 de leden van dien jurij, die niet met der in
3424 3520 5094 3691 gevestigd zijn in de plaats der tentoonstellin
4874 3737 5044 3871 terwy
2975 3774 3724 3991 Aan den Koning
