5481 4301
3605 219 3966 339 1859 No 36
3272 474 3763 621 Maart
2928 464 3260 616 N=o 162
4697 481 4969 618 Advies
4079 578 5113 739 van de Regters, belast met de
4067 679 5080 823 behandeling van strafzaken bij
4067 782 5077 907 de Arrondissements - regtbank
4067 869 5017 1011 te zwolle, betrekkelyk het
4067 977 4942 1104 verzoek van Gerrit Schuur
4062 1078 5065 1230 anbeided te Dalfsen, tot het
4062 1177 5125 1299 behomen van g vatie vande hem le
4062 1263 5106 1427 vonnis opgelegde geldbaete, in
4050 1355 5041 1523 gediend aan zyne Majesteit
4050 1468 4425 1578 den Koning
3248 1583 5118 1716 By een nader ondervoer der tot deze zaak betrekhelyke stuk
3241 1656 3816 1778 ken is het gebleken
3289 1766 5056 1872 dat de requestant bij vonnis dd 13 Januarij 1859,
3253 1848 5152 2007 is veroordeeld tot betaling eener geldboete van zestien gul
3234 1942 5041 2110 den en inde kosten van het regtsgeding, ter zake van
3229 2040 5031 2202 Loon, gepleegd te Dalfsen in de maand November 1850.
3285 2161 5046 2264 dat de requestrant een vlytig en anbeidzaam landbouw
3236 2257 5120 2387 is, die nimmed in handen der Justitie is geweest, terwel
3241 2317 5176 2466 de door ten gepleegde beliediging moet worden beschouwd
3241 2433 4521 2587 als een gevolg van onbedacht zaamteid;
3313 2502 5128 2678 Westelve de Regters in gemelde vegtbant de vryheid nemen
3236 2613 4894 2731 Uwe Majesteit als hun advies, kenbaar te maken:
3285 2717 5089 2873 dat het hun zeer wenschelyk voorkomt, dat de aan ve-
4800 2825 5125 2928 derd tot
3236 2813 4683 2977 questrant opgelegde boete van ƒ 16, worde ver
3222 2919 3489 3073 op ƒ 8
3946 3005 5058 3176 Namens de Regters voornoemd.
4038 3128 4909 3282 W Vanover van Milleent
4307 3311 4685 3467 H J Rietberg
4512 3388 4736 3544 J. Griffier
