5454 4223
1037 433 2734 576 om eervol ontslag, wat echter den eerste
1032 526 2667 692 adressant betreft, onder de gewone voor
1030 642 2656 794 waarde tot het volbrengen der op hem, u
1043 737 2719 880 kracht der wet, nog rustende Schutter
1020 836 2660 978 lijke verpligtingen, als gewoon lid der
1026 935 2023 1068 Schutterij bij de reserve.
1229 1022 2709 1193 Ik vind daarentegen geene vrijheid
1043 1134 2688 1290 Uwe Majesteit tot de inwilliging te
1037 1241 2631 1362 advieseren van het door den Kapitei
1210 1330 2607 1488 Boekom Maas tevens gedaan
1032 1429 2614 1548 verzoek om vergunning tot het
1030 1522 2645 1685 blijven dragen van de verform der
1013 1621 2631 1792 Schutterij, met de onderscheidings
1032 1725 2719 1879 teekenen aan zijnen rang verbonden
1020 1822 2637 1966 als hebbende hij den vijftienjarigen
1026 1934 2673 2082 diensttijd, die daartoe naar den alge
1026 2023 2692 2181 meenen regel is vereischt, niet volbrag
1229 2126 2717 2267 In het ontwerp van een, tot der
1020 2242 2696 2390 adressanten eervol ontslag strekkend
1013 2335 2711 2468 besluit, dat ik mij veroorloof Uwe
1026 2424 2686 2582 Majesteit eerbiedig aantebieden, zijn
1032 2517 2690 2686 tevens eenige benoemingen opgenomen,
1026 2622 2654 2772 tot aanvulling van het personeel der
1011 2711 2650 2876 dienstdoende Schutterij te Amersfoort
1659 2857 2588 3063 De Minister van
1611 3021 2669 3154 innenlandsche Iaken
