5481 4223
3505 219 4735 434 Tich 8 Mei 1859 N.o 48
1670 508 2809 728 Art 3 van Ons aangehaald
3137 497 3388 683 N: 141
4018 522 4567 759 Gravenhage,
4841 597 5135 719 Mei 183
1657 646 2755 768 besluit verzekerd, wordt ver
1668 732 3476 947 leend voor een tydvak van vijftig 3e Afdeeling
1333 890 1688 1114 Art 2.
1729 949 2766 1128 De tolheffing op dezen
2915 983 3424 1128 Waterstaat.
1663 1064 2667 1225 weg zal geschieden aan de
1650 1184 2588 1327 talboomen, te plaatsen
1657 1302 2484 1458 een ( N.o 1) ten Noord
2581 1315 2782 1424 en in
1670 1392 2802 1548 de onmiddellijke na byheid van
1645 1492 2701 1672 het landgoed den Haspel, of
1638 1614 2653 1776 gronden behoorende aan de
1652 1706 2402 1864 meente Harderwijk
1657 1813 2739 1977 een (N 2) aan den westelijke
4339 1871 5166 2034 Uwer Majesteits be
1657 1921 2755 2086 toegang tot het landgoed stav
3399 1973 5080 2120 sluit van 24 November 1857 N 65 is aan de Comi
1643 2023 2231 2179 den, onder Ermel.
3383 2061 5094 2249 tot de wegsverbetering tusschen Harderwijk en A
1634 2109 2791 2303 een N3/nabij Meerhoeve, mede
3385 2181 5160 2353 doorn, vergunning verleend tot aanleg van een kus
1643 2260 1871 2368 onder
3385 2287 5112 2411 weg, leidende van den Zuiderzeeschen straatweg.
1358 2307 1564 2479 Art 3
1788 2348 2791 2524 Deze tolheffing zal geschied
3363 2378 5180 2547 Tonsel, over Leuvenum, Staveren, Elspect tot aan
1700 2454 2707 2615 vereenkomstig het tarief,
3370 2518 5024 2660 de kunstwegen, voor Uwer Majesteits rekening g
1657 2563 2667 2739 Ons tegenwoordig besluit
3385 2613 5148 2787 naar den Grooten rijksweg bij Nieuw Milligen en
3390 2712 3860 2857 het Aardhuis
1338 2748 1577 2913 Art 4
1747 2732 2732 2936 Het toezigt over de tol
3659 2809 5189 2974 Tevens werd bij dat besluit aan de Commissi
1657 2868 2728 3008 heffing en hetgeen er toe be
3408 2918 5148 3096 concessie verleend tot tolheffing op den weg gedurend
1623 2983 2732 3159 hoort wordt opgedragen
3410 3031 5178 3202 een nader te bepalen getal jaren, aan drie tolboome
1638 3094 2726 3261 aan de Gedeputeerde State
3410 3137 5141 3297 op den weg te plaatsen waarvan de standplaats
1627 3193 2204 3374 van Gelderland
3410 3254 5184 3385 nader zou worden aangewezen, terwijl ook het
3410 3345 5099 3539 tarief voor de tolheffing nader door Uwe Ma
3385 3471 4500 3639 jesteit zou worden goedgekeurd
1634 3541 2362 3659 Minister is belas
2432 3559 2671 3661 met
2850 3607 3508 3804 Aan den Konin
4753 3697 5056 3795 Vermit
