5369 4281
795 590 2059 830 Voor deugdelijk en echt erkend
770 720 2533 935 1 Gravenhage den drie en twintigsten April
762 847 2283 1008 achttien honderd negen en vijftig
788 935 2494 1117 (Was geteekend:) H. Collot d’ Escunij. A. J.
781 1027 2522 1203 L. M. Lux, H. P. Boom, H: Jelders,
773 1152 2215 1332 J. F. A. Leesberg Notaris 1859 —
1302 1269 2092 1451 Volgt de Registratie
792 1339 2507 1561 N.o 570 Geregistreerd te G. Gravenhage den
799 1464 2474 1648 Zeventwintigsten April 1800 negen en
806 1580 2522 1754 vyftig, deel 41, folio 149, recto vak 6,
1286 1675 2562 1850 geen renvooi. Ontvangen voor
810 1701 1242 1826 een blad
828 1785 2557 1958 regt f„ - 80 voor 38 opcenten ƒ „ - 30½
841 1881 2555 2085 te zamen Een Gulden tien en een halve
841 2024 1062 2147 Cent.
1651 2024 2342 2256 De Ontvanger
1372 2186 2406 2344 (was geteekend:) J. Keller
1372 2292 2364 2445 uitgegeven voor afschrift
1442 2399 2335 2590 (geh:d) J. F. A. Leesberg
1767 2504 2349 2671 Notaris 1859
1607 2568 2608 2790 Voor eensluidend Afschrift
1442 2709 2509 2906 De Secretaris Generaal by
1409 2812 2599 2996 het Ministere van Financien
1324 2930 2581 3319 C.D. Noijtema
