1725 2717
270 380 903 562 Hoog Wel Geboren Heer
635 534 889 725 intig: 9
1273 0 1699 62 Allen, die deze
1271 29 1392 137 lesen
1406 33 1690 123 T. Salut
215 657 1571 860 Daar het van het uiterste gewigt is, dat de heden
227 761 1590 934 in de eerste kamer aangenomene wissvoordragt tot af
213 905 1571 1051 schaffing der slavernij in O.I. nog met dese mait
222 973 1618 1110 den Gouverneur - Generaal ter uitwezing worde toege
222 1071 1567 1201 zonder, neem ik de vrijheid ustk Ger. belafdelijk
234 1193 1588 1323 te vragen, of urengev. niet zoude kunnen bewerten
231 1238 1514 1399 dat de met reeds morgen in de Staatelmeans van
676 1366 1297 1470 =dere wierd opgenomen.
225 1410 598 1474 Maandai du 9
227 1451 1455 1637 Mes de meeste hoogaiksing hier ik de eer te zijn
893 1552 1309 1704 UnterG. Gen. D.
118 1614 437 1748 's Gravenhage
90 1696 421 1843 6 Mei 1859.
943 1680 1299 1819 L.M. Kembini
1647 903 1708 962 e
1297 2524 1704 2713 De Gouve
