5479 4203
1449 529 2716 666 /oor den Kommandant en Jnspedeur onder de ver
868 616 2608 772 dragt der Ridders der 4de klasse van de Militaire Willemsorde is opge
859 734 2735 880 en dien ook wij voorstellen daaronder mede voor die onderscheiding te
876 828 2662 977 begrijpen. Mogt Uwe Majesteit zich met deze onze beschou
845 937 2709 1036 kunnen vereenigen, dan zal daardoor op nieuw blijken van
845 1024 2735 1180 Hooijst Deszelfs ingenomenheid met deze roemrijke gebeuetenis, a
852 1130 2740 1272 reeds is voorafgegaan door de schitterende belooning, door Uwe Meijster
845 1225 2721 1336 toegekend aan den Kommandant der Expeditie, den Luitenant ter te
831 1324 2707 1451 der 1=e klasse A. J. Kroef bij het benoemen tot Ridder der M
840 1421 2738 1534 litaire Willemsorde der 3de klaar in het herdoopen van Uwer Majesteit
840 1539 1987 1666 stoomschip Sprinkhaan in Reten
1022 1635 2735 1777 Mogt Uwe Majesteit zich met deze onze denkbeelden
845 1723 2742 1869 kunnen vereenigen, dan hebben wij de eer hierbij van HoogstDeszelfs
852 1829 2716 1978 bekrachtiging eerbiediglijk aan te bieden het hierbij overgelegde
840 1935 1456 2053 ontwerp van besluit
1836 2032 2495 2150 Minister van Staa
1716 2117 2365 2197 Minister van Koloniën
1661 2308 2558 2485 De Minister van Marine
1841 2520 2504 2709 J/Zotry.
1060 2714 2643 2858 De Ondergeteekende vereenigt zich
1126 2815 2608 2976 e met bovenstaand rapport van de
876 2933 2629 3073 Ministers van Kolonien en Marine, en hij
989 3056 2653 3174 „oorlooft zich Uwer Majesteit in overwegi
885 3144 2686 3290 te geven, het by dat rapport aangeboden Concept
871 3238 2336 3391 besluit wel te willen bekrachtigen
1449 3337 2572 3498 De Minister van Oorloa
1895 3507 2655 3726 Van Meure
4201 392 5076 604 onto 16 Mei 1859
3580 1057 5065 1277 De Minister van Oorlog,
3759 1355 5105 1543 Heeft de eer hierbij van zijne
3540 1499 5050 1600 mede onderteekening voorzien aan den
3533 1576 5081 1699 heer Directeur van het Kabinet des
3526 1659 5083 1820 Konings terug te doen geworden de by
3521 1751 5079 1890 deszelfs missives van 8 dezer N.o 55 en 61
3521 1829 5171 1973 gevoegd geweest zijnde Koninklijke besluiten
3509 1933 5043 2060 van diezelfde datums en Nummers
3528 2013 3993 2138 betreffende
3557 2098 5135 2249 benoeming van Ridders der Militaire
3557 2200 4121 2318 Willem vorde
3540 2275 4706 2424 -toekenning van gratie. -
3712 2374 4918 2584 's Hage, den 14 Mei 1859
3852 2539 4843 2660 voor den Minister
3096 2535 3332 2778 C.C. outv.
3854 2631 5050 2790 De secretaris Generaal
4128 2747 4847 2955 H van Kapper
