5491 4203
2354 424 2537 638 op het
1089 616 1687 751 Hoofdstuk der stuatste
1802 613 2877 787 „ting de benoodigde som is bescher
1128 728 1515 884 baar gesteld.
1193 857 2794 1022 Met opzigt tot het sub 2.o vermelde verzoek, bestaan is
1096 967 2711 1157 el redenen, om aan den hulpbehoeven den Heinkenszand
1091 1116 2877 1292 tydelijke Jaarwedde te verleenen, maar niet om het bedrag daar
1121 1215 2902 1416 van op drie honderd Gulden te bepulen. In den regel bedraagt
1121 1348 2539 1540 sodanige Jaarwedde hoogstens niet meer dan
1096 1457 2902 1655 yftig gulden, en om der gewlgen wille, zen het bedenke
1211 1583 2832 1784 wesen van dien regel.e afteuyken; waarom ik dien oor
1091 1696 2904 1901 lechts vryheid kan vinden, om het bewilligen eener Jaarwedde
1107 1831 2783 2009 een het zoo even gemeld bedrag voortestaan, waartoe in de
1157 1946 2717 2075 „tendigheden van den Pastoor allezins termen aan
1164 2156 2871 2370 Het zy my derhalve vergund aan Uwe Majesteit eerbiedi
1128 2336 1750 2438 etestellen, om de Rij
1784 2311 2832 2469 K Jaarwedden van de hierbedoelde
1109 2411 2711 2609 cestelyken te regelen in wege als by het hiernevens g
1060 2541 1984 2735 ontwerp van besluit is aangeg
1635 2692 2686 2947 De Minister voor de zaken
1563 2886 2677 3042 der Roomsch Ketholyke Eccediemt
1569 2999 2686 3211 W van Komande
