5403 4206
3628 339 4621 482 Exh 7 Mei 1859 No 7.
4007 689 5110 928 Zyne Majesteit den Konin
3733 1839 3999 2008 Srle
3446 1989 5152 2183 De ondergeteekenden, als vereenigd spoo
3159 2193 5127 2295 weg Commité tot bevordering van den zuide
3164 2270 5120 2438 spoorweg namen de vryheid zich by hunne
3151 2385 5125 2577 adressen van den 15=e November 1858 en 18: Fr
3159 2485 5160 2670 =bruary 1859. eerbiedig tot uwe Majesteit te wende
3181 2595 5142 2722 ten einde de belangen van den Nederlandsche
3176 2732 5160 2877 handel in het algemeen en van dien der Koop
3176 2802 5160 2974 steden aan de Maas in het byzonder, by de aan
3171 2924 5107 3096 dien spoorweg te geven rigting, voor te staan
3498 3006 5120 3194 ij meenden dat die belangen het bey
3179 3106 5180 3248 zouden worden bevorderd door de Zuidelyke lijn
3176 3211 5110 3391 waarvoor door de Heeren G.P. Bredius en Jhr.
3181 3313 5122 3503 W. van Sypesteijn de concessie was aange=
3181 3416 5120 3598 vraagd. Zlet is daarom dat zy het hebben
3186 3535 5132 3708 gewaagd die aanvrage met hun eerbiedig
3171 3660 4391 3845 verzoek te ondersteunen.
4938 3745 5167 3892 Waren
