<?xml version="1.0" encoding="UTF-8" standalone="yes"?>
<PcGts xmlns="http://schema.primaresearch.org/PAGE/gts/pagecontent/2013-07-15" xmlns:xsi="http://www.w3.org/2001/XMLSchema-instance" xsi:schemaLocation="http://schema.primaresearch.org/PAGE/gts/pagecontent/2013-07-15 http://schema.primaresearch.org/PAGE/gts/pagecontent/2013-07-15/pagecontent.xsd">
    <Metadata>
        <Creator>prov=READ-COOP:name=TrHtr:version=2.3.0:model_id=51170:date=05_10_2023_21:06</Creator>
        <Created>2023-10-05T08:02:44.121+02:00</Created>
        <LastChange>2023-10-05T21:06:53.305+02:00</LastChange>
        <TranskribusMetadata docId="1601069" pageId="60386554" pageNr="146" tsid="136533905" status="IN_PROGRESS" userId="122145" imgUrl="https://files.transkribus.eu/Get?id=WQQGEJWLTIADZFXGDVXUBIUH&amp;fileType=view" xmlUrl="https://files.transkribus.eu/Get?id=ZNVTPVIOWHMTBMHHWSDKSVAO" imageId="48768679"/>
    </Metadata>
    <Page imageFilename="nl_zh_ha_na-2_02_04-1190_146.jpg" imageWidth="5481" imageHeight="4223">
        <ReadingOrder>
            <OrderedGroup id="ro_1696622903097" caption="Regions reading order">
                <RegionRefIndexed index="0" regionRef="tr_2"/>
                <RegionRefIndexed index="1" regionRef="tr_1"/>
            </OrderedGroup>
        </ReadingOrder>
        <TextRegion id="tr_2" custom="readingOrder {index:0;}">
            <Coords points="823,624 2719,624 2719,1656 823,1656"/>
            <TextLine id="tr_2_tl_1" custom="readingOrder {index:0;}">
                <Coords points="815,698 1302,691 1436,761 1675,693 2399,684 2699,759 2699,607 2350,522 2127,611 1689,640 1591,572 1195,642 815,609"/>
                <Baseline points="829,679 912,679 1002,679 1091,679 1181,679 1270,679 1359,674 1449,674 1538,674 1628,674 1717,679 1807,674 1896,674 1986,674 2075,674 2165,674 2254,674 2344,674 2433,674 2523,674 2612,674 2702,674"/>
                <TextEquiv>
                    <Unicode>1o de paarden en rijtuigen, behoorende aan ’s Ioning</Unicode>
                </TextEquiv>
            </TextLine>
            <TextLine id="tr_2_tl_2" custom="readingOrder {index:1;}">
                <Coords points="923,820 949,825 967,811 991,818 1005,803 1024,818 1045,815 1054,825 1089,799 1145,808 1145,731 1117,726 1103,712 1082,724 1071,719 1052,736 1028,721 977,757 958,747 923,752"/>
                <Baseline points="936,787 1025,787 1115,787 1151,787"/>
                <TextEquiv>
                    <Unicode>stuis,</Unicode>
                </TextEquiv>
            </TextLine>
            <TextLine id="tr_2_tl_3" custom="readingOrder {index:2;}">
                <Coords points="822,939 1295,902 1649,960 1822,897 2132,965 2279,900 2476,904 2476,829 2270,862 2064,773 1846,843 822,841"/>
                <Baseline points="835,894 924,894 1013,894 1103,894 1192,894 1282,894 1371,894 1461,894 1550,894 1640,888 1729,888 1819,888 1908,888 1998,888 2087,888 2177,888 2266,888 2356,888 2445,894 2481,894"/>
                <TextEquiv>
                    <Unicode>2.o de paarden en rijtuigen der brievenposter</Unicode>
                </TextEquiv>
            </TextLine>
            <TextLine id="tr_2_tl_4" custom="readingOrder {index:3;}">
                <Coords points="815,1040 1684,1017 1895,1078 2075,1017 2595,1031 2647,928 2528,876 2326,977 2038,916 1902,972 1801,916 1457,982 815,946"/>
                <Baseline points="829,1019 864,1019 954,1013 1043,1013 1133,1013 1222,1008 1312,1008 1401,1008 1491,1008 1580,1008 1670,1002 1759,1002 1849,1002 1938,1002 2027,1002 2117,1008 2206,1008 2296,1008 2385,1002 2475,1002 2564,1002 2654,1002"/>
                <TextEquiv>
                    <Unicode>3e de paarden der Marechanssee en der Militair</Unicode>
                </TextEquiv>
            </TextLine>
            <TextLine id="tr_2_tl_5" custom="readingOrder {index:4;}">
                <Coords points="918,1155 1848,1117 2132,1190 2237,1124 2713,1138 2713,1026 2624,1080 2446,1031 1897,1080 1682,1017 1595,1080 918,1066"/>
                <Baseline points="930,1109 1019,1115 1109,1109 1198,1109 1288,1109 1377,1109 1467,1103 1556,1103 1646,1109 1735,1103 1825,1103 1914,1103 2004,1103 2093,1103 2183,1109 2272,1109 2362,1109 2451,1103 2540,1103 2630,1103 2719,1103"/>
                <TextEquiv>
                    <Unicode>in uniform, alsmede de voertuigen, behoorende</Unicode>
                </TextEquiv>
            </TextLine>
            <TextLine id="tr_2_tl_6" custom="readingOrder {index:5;}">
                <Coords points="897,1244 1047,1286 1185,1230 1476,1277 1591,1227 1666,1279 1762,1253 1829,1295 2000,1232 2127,1267 2129,1174 2033,1148 1935,1188 1703,1138 1628,1178 1314,1124 1174,1183 900,1174"/>
                <Baseline points="912,1216 1002,1216 1091,1216 1181,1216 1270,1216 1359,1216 1449,1216 1538,1216 1628,1210 1717,1210 1807,1210 1896,1210 1986,1210 2075,1210 2135,1216"/>
                <TextEquiv>
                    <Unicode>aan den staat of de legercorpsen</Unicode>
                </TextEquiv>
            </TextLine>
            <TextLine id="tr_2_tl_7" custom="readingOrder {index:6;}">
                <Coords points="811,1363 2605,1345 2689,1333 2689,1265 811,1281"/>
                <Baseline points="823,1324 906,1324 996,1324 1085,1324 1175,1324 1264,1324 1353,1318 1443,1318 1532,1318 1622,1318 1711,1318 1801,1312 1890,1312 1980,1312 2069,1312 2159,1312 2248,1312 2338,1312 2427,1312 2517,1306 2606,1312 2696,1312"/>
                <TextEquiv>
                    <Unicode>4o de voertuigen niet anders vervoerende dan mater</Unicode>
                </TextEquiv>
            </TextLine>
            <TextLine id="tr_2_tl_8" custom="readingOrder {index:7;}">
                <Coords points="911,1443 1026,1471 1258,1429 1506,1466 1879,1438 1993,1478 2066,1436 2118,1469 2118,1370 2019,1396 1881,1349 1710,1394 1609,1335 1263,1408 1143,1366 1085,1413 989,1363 911,1403"/>
                <Baseline points="924,1425 1013,1425 1103,1431 1192,1425 1282,1431 1371,1425 1461,1425 1550,1425 1640,1425 1729,1425 1819,1425 1908,1425 1998,1425 2087,1425 2123,1431"/>
                <TextEquiv>
                    <Unicode>alen ten gebruike van den weg,</Unicode>
                </TextEquiv>
            </TextLine>
            <TextLine id="tr_2_tl_9" custom="readingOrder {index:8;}">
                <Coords points="892,1555 1113,1553 1272,1623 1373,1546 1588,1534 2696,1548 2696,1476 2312,1483 2193,1429 1867,1509 1539,1452 1324,1495 1246,1434 1040,1511 892,1483"/>
                <Baseline points="906,1538 912,1538 1002,1538 1091,1532 1181,1532 1270,1532 1359,1532 1449,1532 1538,1526 1628,1526 1717,1526 1807,1526 1896,1526 1986,1520 2075,1520 2165,1520 2254,1520 2344,1520 2433,1520 2523,1520 2612,1520 2702,1520"/>
                <TextEquiv>
                    <Unicode>de voertuigen, beladen met mest, welke van den</Unicode>
                </TextEquiv>
            </TextLine>
            <TextLine id="tr_2_tl_10" custom="readingOrder {index:9;}">
                <Coords points="904,1694 1394,1651 1736,1703 1827,1644 2200,1647 2448,1731 2579,1722 2581,1602 2333,1558 1605,1609 1441,1562 1153,1621 904,1558"/>
                <Baseline points="918,1646 978,1640 1067,1646 1157,1640 1246,1640 1336,1640 1425,1640 1515,1640 1604,1634 1693,1634 1783,1634 1872,1634 1962,1634 2051,1634 2141,1628 2230,1628 2320,1634 2409,1628 2499,1622 2588,1622"/>
                <TextEquiv>
                    <Unicode>stal naar het bouw, of weiland wordt gebrag</Unicode>
                </TextEquiv>
            </TextLine>
            <TextEquiv>
                <Unicode>








</Unicode>
            </TextEquiv>
        </TextRegion>
        <TextRegion id="tr_1" custom="readingOrder {index:1;}">
            <Coords points="894,1888 2654,1888 2654,2288 894,2288"/>
            <TextLine id="tr_1_tl_1" custom="readingOrder {index:0;}">
                <Coords points="2434,2003 2469,1998 2481,2005 2514,1991 2591,2019 2628,1998 2645,2000 2654,1832 2640,1829 2574,1881 2539,1893 2514,1879 2471,1895 2443,1879"/>
                <Baseline points="2451,1944 2475,1950 2564,1938 2654,1938"/>
                <TextEquiv>
                    <Unicode>lijk</Unicode>
                </TextEquiv>
            </TextLine>
            <TextLine id="tr_1_tl_2" custom="readingOrder {index:1;}">
                <Coords points="1347,1970 1656,1961 1787,2036 1909,1970 1996,1989 2066,1954 2427,1982 2427,1893 2324,1907 2225,1841 2066,1897 1951,1815 1658,1858 1523,1790 1349,1778"/>
                <Baseline points="1359,1956 1449,1956 1538,1956 1628,1950 1717,1950 1807,1950 1896,1944 1986,1944 2075,1944 2165,1944 2254,1944 2344,1944 2433,1944"/>
                <TextEquiv>
                    <Unicode>Behoort by het Konink</Unicode>
                </TextEquiv>
            </TextLine>
            <TextLine id="tr_1_tl_3" custom="readingOrder {index:2;}">
                <Coords points="1286,2082 1869,2066 2050,2108 2242,2057 2460,2087 2483,1951 2392,1993 1907,1970 1773,2031 1668,2033 1609,1977 1516,2038 1286,2047"/>
                <Baseline points="1300,2063 1324,2063 1413,2063 1503,2063 1592,2057 1682,2057 1771,2057 1860,2051 1950,2051 2039,2051 2129,2057 2218,2051 2308,2051 2397,2045 2487,2051"/>
                <TextEquiv>
                    <Unicode>van den 8 Mei 1859 N:o 48.</Unicode>
                </TextEquiv>
            </TextLine>
            <TextLine id="tr_1_tl_4" custom="readingOrder {index:3;}">
                <Coords points="881,2092 946,2097 967,2085 1007,2122 1089,2075 1108,2090 1145,2075 1185,2085 1244,2073 1281,2092 1284,2022 1197,2022 1167,1998 1117,2029 1080,2015 1040,1970 1026,1979 965,1963 932,1982 921,1968 885,1968"/>
                <Baseline points="894,2075 930,2075 1019,2069 1109,2063 1198,2063 1288,2063"/>
                <TextEquiv>
                    <Unicode>Besluit</Unicode>
                </TextEquiv>
            </TextLine>
            <TextLine id="tr_1_tl_5" custom="readingOrder {index:4;}">
                <Coords points="1621,2246 1680,2218 1710,2223 1764,2176 1827,2160 1858,2174 1914,2167 1996,2223 2040,2225 2040,2075 1991,2104 1923,2071 1834,2073 1797,2092 1743,2078 1710,2094 1621,2087"/>
                <Baseline points="1634,2153 1723,2159 1813,2153 1902,2153 1992,2153 2045,2165"/>
                <TextEquiv>
                    <Unicode>1 lij bekend</Unicode>
                </TextEquiv>
            </TextLine>
            <TextLine id="tr_1_tl_6" custom="readingOrder {index:5;}">
                <Coords points="1162,2300 1858,2275 1961,2321 2593,2277 2595,2164 2420,2218 2342,2176 2214,2225 2164,2179 2038,2237 1881,2164 1764,2209 1682,2169 1345,2197 1164,2111"/>
                <Baseline points="1175,2278 1258,2278 1348,2278 1437,2272 1526,2272 1616,2272 1705,2272 1795,2272 1884,2266 1974,2272 2063,2266 2153,2266 2242,2266 2332,2260 2421,2260 2511,2254 2600,2260"/>
                <TextEquiv>
                    <Unicode>De Minister van Binnenlandsche Zaken</Unicode>
                </TextEquiv>
            </TextLine>
            <TextEquiv>
                <Unicode>




</Unicode>
            </TextEquiv>
        </TextRegion>
    </Page>
</PcGts>
