5479 4130
3486 230 4932 410 Eek 10 Mei 1859 No 47 - 51
3997 399 5128 617 Gravenhage, den 5 Mei 1859
2915 435 3378 606 N:o 158.
1618 527 2698 729 Hebben goedgevonden en verstaan
1706 667 2645 812 Aan C. Desnos-Gardissa
2880 650 3385 823 6e Afdeeling
1642 770 2382 902 in zijn voormeld dan
2469 735 2641 871 lium
1622 841 2680 981 te verleenen, zoo als hem verleend wordt
2889 878 3358 1045 Nijverheid.
1635 924 2700 1067 bij deze, een octrooi voor den tyd
1622 1016 2674 1170 van vijftien jaren, gerekend
1618 1104 2698 1245 van den 19 Februarij 1859,
1611 1207 2724 1387 de invoering in dit Rijk van
1596 1315 2739 1447 de hiervoren omschreven toeste
1618 1447 2698 1574 len om het voedingswater
4008 1332 5138 1664 Ik heb de eer hiernevens van
1611 1534 2783 1712 voor stoomketels behoorlijk
3448 1644 5158 1809 Uwe Majesteit ter bekrachtiging aan te
1626 1677 2008 1811 te zuiveren
3455 1745 5180 1912 bieden de ontwerpen van vijf octroyen, welke
3466 1848 5156 2024 mij zijn voorgekomen te kunnen worden toege
1727 1811 2698 2011 Dit octrooi zal aan den
3437 1965 5198 2125 staan, naar aanleiding der bijgevoegde berigte
1626 1973 2746 2123 bezitter, of zijn regt. verkregen hebben
1635 2065 2401 2210 de, de bevoegdheid geven.
3448 2061 4478 2248 van den Adviseur Overduijs
1635 2145 2700 2294 4. Om bij uitsluiting door het
3826 2180 5132 2342 Voor het geval, dat Uwe Majesteit
1642 2217 2807 2388 geheele Rijk, gedurende den be„
3479 2294 5141 2412 roedvindt die octrouijen te verleenen, veroor
1646 2329 2704 2465 paalden tijd, de geoctroijeerde
3437 2397 5147 2555 loof ik mij Hoogst Denzelven eerbiedig te ver
1635 2421 2746 2542 voorwerpen alleen te mogen vervaar
3444 2494 5176 2658 zoeken de daarbij liggende duplicaten, welke aan de
1633 2502 2764 2641 digen en verkoopen, of, met zijne toe
1642 2597 2717 2711 stemming, te doen vervaardigen
3431 2594 5152 2772 belanghebbenden zouden worden afgegeven, tevens te
1642 2706 2059 2801 en verkoopen
3431 2717 4177 2834 willen onderteekenen
1635 2733 2733 2891 B Om diegenen, welke op het aan
1644 2843 2715 2965 hem verleende uitsluitend regt
1646 2928 2733 3058 inbreuk zouden mogen maken.
4153 2864 5005 3062 De Minister van
4083 3023 5062 3167 Binnenlandsche Zaken:
4625 3123 4800 3279 Kis
1640 3023 2733 3148 in regten te vervolgen, en tegen
1646 3119 2742 3229 dezelven te procederen, tot ver„
1651 3189 2733 3334 beurdverklaring ten zijnen behoeve.
1646 3286 2733 3413 van de vervaardigde en nog on„
1642 3365 2728 3501 verkochte, en van den koopprij
1635 3446 2744 3593 der reeds verkochte gevetroijeerde
1642 3547 2733 3692 voorwerpen, alsmede tot alle zoo
2906 3516 3569 3712 Aan den Koning
1642 3633 2735 3778 danige vergoeding van schade
1646 3723 2680 3879 winst derving of interessen, als
2494 3883 2722 3962 waar
