5345 4197
3102 61 4357 255 Eek 7 Mei 1859 No 58
3698 182 4906 432 S'Gravenhage, den 6. Mei 1859
2882 615 3247 870 Litt: H
2772 3438 3742 3745 Aan den Koning
3401 1346 5140 1615 Ik heb de eer Uwer Majesteit te rapportere
3270 1564 5079 1755 dat het Wetsontwerp tot regeling der afschaffing
3263 1706 5142 1830 van de Haverny en Nederlandsch Oost. Indië, door
3251 1814 5091 1959 de Eerste Kamer der Staten Generaal, heden ei
3389 1940 4567 2125 genomen met algemeene stemmen
3616 2181 4790 2422 De Minister van Staat,
3801 2391 4811 2522 Minister van Kolonien
4200 2524 4460 2700 Witsen
