5429 4222
935 557 2705 743 der natenoemen getuigen verschynende, ver
924 667 2666 798 klaarde onder bovenstaande goed hen
949 775 2703 940 ring te hebben, gekocht en alzoo inkoop
942 873 2609 1066 te accepteren, zoo voor zich zelve als
949 1004 2650 1174 voor zyne erven en regtverkrygenden.
1144 1098 2634 1254 Een stuk duingrond behoorende in
949 1199 2705 1380 eigendom aan's Ryko Domein gelegen in
949 1298 2705 1497 de Westduinen in de gemeente is Gravenhage
949 1426 2701 1577 en zulks tot eene inhoudsgrootte van 55 roeder
954 1515 2671 1699 negentig ellen, en uitmakende een gedeelte
954 1616 2648 1802 van de perceelen op den kadastralen legger
935 1712 2723 1905 „der gemeente's Gravenhage bekend onder sectie
924 1818 2600 2006 „ A Numero 4050, dumgrond voor het geheel
954 1928 2698 2095 groot Zes en negentig bunders, zes en zeventig
919 2027 2758 2212 „roeden twintig ellen en N.o 4053, bosch voor
924 2150 2609 2306 „het geheel groot vyf roeden, belend ten
935 2254 2694 2409 „zuidwesten, Noordwesten en Zuid oosten ’s Ryp
903 2345 2616 2490 Domeinen en ten Noordoosten de Heer
906 2446 1742 2579 Comparaat kooper.
1146 2556 2611 2673 Zynde het voorschrevene by deze ver„
910 2659 2620 2838 „kocht wordende stuk duingrond aange
961 2760 2691 2930 duid met de letters A.B,C en D op eene door
949 2852 2668 3003 den Landmeter van het kadaster de Heer
954 2973 2561 3132 Bevers opgemaakte kaart in
961 3060 2657 3253 dato's Grovenhage den twaalfder
951 3168 2659 3329 April achttien Chonderd negen
972 3278 2636 3434 en vyftig, welke kaart na al„
988 3381 2623 3549 vorens door de Heeren Compa-
979 3482 2705 3686 ranten in tegenwoordigheid van nog Notaris
3379 555 5206 718 en der natenoemene getuigen voor echt en
3372 660 5154 821 „kend en ten blyke daarvan door hen al„
3379 770 5202 924 „len geteekend te zyn aan deze minute is
3420 894 5172 1057 vastgehecht, met welke dezelve gelyktyn
3427 981 5190 1116 dig ter registratie zal worden aangeboden
3654 1100 5183 1222 Voorts verklaarde de Heer Compa
3391 1199 5158 1364 rant verkooper dat het voorschreven ver
3397 1307 5195 1492 „kochte stuk duingrond is vry en ontheve
3418 1414 5190 1577 van alle bevoorregte schulden en hypothe
3397 1506 4477 1674 „hen Choe ook genaamd.
3606 1568 5124 1740 Het voorschreven steek dien grond
3397 1717 5126 1852 wordt verkocht en gaat aan den Heer
3409 1827 5112 1981 Comparant kooper over in den staat
3402 1935 5135 2075 waarin hetzelve zich thans bevindt
3388 2038 5183 2208 zoodanig als hetzelve tot heden aan Ryks
3402 2141 5135 2322 domeinen heeft behoort, niet alwat of
3402 2256 5133 2407 hetzelve Aard- en wortelvast is, niets
3402 2345 5135 2515 daarvan uitgezonderd, wyders met alte
3391 2446 5147 2629 heerschende en lydende erfdienstbaar
3391 2568 4778 2717 heden en alzoo voetstoots.
3624 2646 3858 2815 De
4000 2666 5147 2834 Comparant kooper zal het
3391 2756 5158 2934 voorschreven stuk diemgrond daz
3397 2875 5087 3033 delyk na vorenstaande goede
3391 2964 5112 3129 keuring kunnen aanvaarden en
3402 3079 5131 3235 van af den eersten January dezes
3402 3168 5158 3347 jaars moeten dragen en betalen de
3283 3276 5105 3409 grondlasten en Huisgelden, mits
3338 3381 5158 3517 „gaders. alle verdere reëde lasten
4697 3489 5183 3652 welke van
3365 3487 4613 3638 zonder-onderscheid,
4729 3613 4922 3785 het
