5345 4197
3618 427 4877 663 Gravenhage den 6 Mei 185
3406 709 4765 989 Lh: 7 Mei 1859 n:o 49-5
3653 1878 5174 2088 Ter voldoening aan Uwer Majesteits
3401 1994 5056 2167 beschikking van den 4e dezer, letter D=t
3414 2121 5098 2270 heeft de Raad van State met den meesten
3390 2219 5148 2410 spoed overwogen een van den Minister van
3373 2329 5124 2502 Oorlog afkomstig, en door den Raad van
3379 2438 5098 2600 Ministers by rapport van den vorigen dag
3399 2543 5122 2723 Kabinet N=o 538, Uwer Majesteit aange
3397 2644 5047 2799 boden wets ontwerp met toelichtende
3401 2760 5030 2939 memorie tot het verlengen van den
3379 2880 5041 3049 diensttijd der miliciens van de ligtin
3401 2985 5052 3158 van 1854, by welke memorie de
3401 3095 5010 3255 redenen worden ontwikkeld welke
3401 3207 4990 3379 geleid hebben tot den voorgedrage
3390 3309 5008 3482 maatregel waartoe de grondwet b
3390 3430 5041 3596 art: 182 den weg heeft opengesteld.
3594 3520 5028 3701 Het ontwerp strekt om den gewor
3388 3627 5111 3817 diensttijd der miliciens van de opgemeld
2889 3889 3594 4073 Jan den Konig
