5491 4203
992 288 2737 563 terwyl de bevoldiging aan zyne tegen
990 480 2734 632 woordige betrekking verbonden, eerst
990 572 2806 778 zal ingaan met den dag zyner incheping
988 706 2794 838 naar de kust van Guined, die by gemin
978 826 2711 999 aan eene geschikte scheeps gelegenheid,
988 921 2783 1055 niet vroeger dan tegen het laatst van
1025 1029 2771 1221 eenig aanstaande, zal kunnen plaats
955 1126 1218 1251 hebben
1115 1237 2797 1433 Het niet billyk achtende, genoemden
937 1341 1761 1481 Vicier gedurende
1841 1361 2753 1493 dien tijd zonder eenig
955 1454 2695 1571 inkomen te laten, heb ik de eer uwe
948 1553 2764 1751 Majesteit in overweging te geven, my te
960 1657 2734 1841 magtigen, om de bepalingen van Uwer Ma
990 1788 2686 1948 jeteits besluit van 13 Juny 1856, N.o 73, be
967 1878 2714 2063 treffende het verleenen van buitenlandsche
937 1991 2748 2181 verloven aan ambtenaren en Officieren van
923 2091 2674 2234 de landmagt in de Nederlandsche West.
923 2201 2755 2351 Indische bezittingen en ter kuste van Guine
930 2317 2707 2469 op den Heer Daniels toe te passen, en hem
905 2423 2757 2571 mitsdien een verloftraetement naar rede van
935 2538 2012 2727 1800.'s jaars toe te leggen
1299 2704 2571 2921 De Minister van Staat
1419 2861 2607 3016 Minuter van Koloniën,
1862 3011 2107 3173 knte
