5403 4206
711 475 2673 650 d. eene vaste bezoldiging van ƒ350.'s maands
858 592 2629 765 ingaande met den eersten dog der maan
848 689 2626 894 volgende op die van zyne aankomst in
865 802 2624 1013 Indie, met bepaling dat deze besoldigin
836 909 2665 1116 na elk verloop van twee jaren, zal worden
828 1023 2582 1221 verhoogd met ƒ50. 'Smaands, tot dat een
853 1135 2526 1299 maximum van ƒ 600.'s maands zal zy
828 1218 2653 1369 bereikt; - behoudens het geval dat hy door
823 1362 2673 1552 vroegen rangsbevordering eene tractements
841 1476 1691 1659 verhooging erlangt,
865 1579 2646 1752 vrije woning in Indië, of, in afwach
865 1671 2634 1852 ting dat deze hem kan worden aange
841 1781 2665 1900 wezen, eene billyke indemniteit voor huis
865 1895 2366 2083 huur, ter bepaling van den Gou
826 2022 1233 2183 Generaal
804 2120 2617 2305 vergoeding voor reis en verblyfkosten b.
848 2219 2629 2341 dienstreizen in Indië, overeenkomiti
848 2334 2380 2470 de aldaar bestaande bepalingen;
914 2436 2646 2563 zullende de benoemde worden beschouwd
823 2556 2660 2692 als burgerlyk Ambtenaar in Nederlandsch
889 2665 2646 2824 Judie, voor zoo ver de toepossing betreft
841 2772 2646 2914 van de aldaar bestaande bepalingen om
841 2885 2665 3072 trent de pensioenen voor burgerlyke amb„
841 2992 2585 3138 tenaren, hunne weduwen en weezen, en
836 3109 1966 3267 die omtrent de verloven
923 3199 2624 3345 en zich schriftelyk verbinden, om het
848 3330 2617 3484 Gouvernement van Nederlandich. Indic
841 3445 2597 3596 minstens gedurende zes achtereenvol
858 3554 2551 3762 gende jaren met den meesten ijver en
2322 3737 2563 3864 naam
3584 439 4378 604 ezetheid te dienen
3308 577 4958 738 Onze Minister van Kolonien is belast
3245 704 4736 872 met de intvoering van dit beslui.
3277 870 4685 1043 S.Gravatige, den 7 Mei 18.
2753 989 3830 1150 De Minister van Staat,
2872 1118 3126 1296 Min.
3153 1143 4044 1296 ter van Kolomen,
4164 1091 4656 1277 Willen
3191 1274 3464 1445 Mecker
