5481 4223
1305 486 2749 730 Vermits de weg, welken het hier geldt
1025 667 2819 837 tegen het midden van dit jaar voor het gebruik
1012 777 2792 949 zal kunnen worden opengesteld, hebben Comâ€
1025 878 2816 1059 missarissen zich door tusschenkomst van heeren
1007 981 2713 1155 Gedeputeerde Staten van Gelderland, tot
1001 1135 2767 1227 Uwe Majesteit gewend met verzoek, dat thans
1025 1211 2769 1319 de standplaatsen der tollen mogten worden
1025 1314 2720 1475 aangewezen en het tarief voor de talheffin
1001 1406 2801 1596 goedgekeurd, overeenkomstig het voorstel, 't welk
1010 1527 2422 1650 daaromtrent door hen wordt gedaan
1366 1605 2742 1795 Evenmin als bij de Gedeputeerde State
1019 1726 2707 1865 wier missive ik de eer heb hierbij aan Uwe Ma
990 1838 2767 2004 jesteit over te leggen, bestaat er by mij bezwaar,
983 1937 2774 2109 dat aan het voorstel van Commissarissen gunsten
1059 2069 1708 2216 volg worde gegeven
1384 2136 2749 2317 Ik neem eerbiedig de vryheid uwer
1007 2239 2756 2436 Majesteit onder aanbieding van nevensgaand
1001 2378 2722 2541 ontwerp van besluit, de inwilliging van het ge
998 2483 2745 2613 daan verzoek, behoudens de daarin gebragte
1079 2588 1968 2769 zigingen, voor te stellen
1699 2711 2487 2953 De Minister
1619 2942 2720 3141 Binnenlandsche Zaken:
