5481 4211
1018 519 2673 671 de la Contisse comprimée, on l’en débarrasse, par un
1025 623 2642 788 moyen très-simple, consistant dans une ijection
1018 734 2738 901 intérieure, donnée à l’aide d’une Pompe foulante, &
1031 864 2695 1018 manière a produire, à travers la masse filtrante, un
1014 973 2755 1107 contre-courant, d’un débit supérieur au débit norma
1049 1086 1431 1235 du Filtre
1222 1199 2679 1409 Pour les appareils portatifs, tel que celui qui
1023 1348 2684 1524 est représenté (T.ig. 5.) il suffit de changer les
1014 1457 2662 1635 raccords, et diriger le refousement dans l’intérieur
1018 1578 2744 1754 du Filtre (Fig. 6.) en se servant de la même Pompe
1207 1720 2721 1880 Mais pour les systèmes composés de plusieurs
1029 1817 2723 1998 Filtres immergés, tels, par exemple, que ceux qui
1016 1945 2755 2110 sont representés (Fig. §) il faut une Tompe spéciale
1001 2067 2673 2219 opérant successivement sur chaque cylindre; et la
1001 2184 2603 2356 manière la plus commode est de les raccorber
1016 2297 2695 2480 l'extrémité postérieure de chaque Filtre au moyen
1023 2430 2642 2556 d’un boyau fléxible, et d’une simple manœuvre
1042 2564 1503 2671 de Robinets,
1220 2647 2690 2842 Pour les Filtres à cuves fermées le principe est
1018 2792 2690 2970 le même, et la manœuvre est également facile; car
1007 2899 2725 3046 il suffit d'ouvrir le Robinet qui vide l’intervalle
1014 3027 2673 3192 compris entre la cuve et le Filtre, et de refouler
1014 3157 2412 3318 l'eau propre dans l'intérieur de celui-ci.
1229 3257 2642 3422 L’un des modes le plus simple pour le
1007 3378 2744 3563 nettoyage spécial consiste à avoir une petite Tompe
984 3502 2721 3676 l'acomobile (Fig. 18) dont le débit soit d'environ ¼ en
1014 3622 2655 3795 sus de celui du Filtre, et cette Compe peut, en outre
3643 174 4369 332 Désignation
3496 545 5183 695 servir à d’autres usages, notamment comme Pompe d
3507 651 5183 793 premier secours, en cas d’incendie, dans les Etablissem
3487 747 4345 897 ou sont placés les Filtres.
3698 862 5155 1040 Pour les petits appareils à cuve fermée, la
3496 992 5165 1153 Pompe est plus commodement établie sur le mém
3507 1116 5183 1275 plateau que le Filtre (Fig. 16). Enfin pour les tre
3500 1240 5207 1422 petits Filtres représentés (Fig. 3 et 4 ) So petite Pomp
3483 1366 5189 1548 à main à jet direct (Fig. 4) est ce qu’il y à de pli
3494 1474 3928 1628 commode.
3687 1609 5204 1783 Quant il s'agit de grands appareils on pourrais
3483 1726 5165 1900 éviter l’emploi d’une forte Tompe, en y substituant
3500 1854 5172 2002 l'écoulement venant d'un réservoir supérieur, donn
3489 1952 5165 2141 une charge d'eau plus forte que celle correspondan
3476 2087 5150 2269 au travail du Filtre. – Mais dans le plus gran
3496 2204 5113 2371 nombre de cas ce réservoir supérieur ne pourrait
3483 2315 5168 2503 être rempli lui-même qu'au moyen d’une Pomp
3483 2460 5124 2632 Le premier moyen est donc encore le plus simple
4560 2705 4998 2838 voir la légende
4078 2899 4488 3072 Résumé
3663 3166 5100 3357 D'après ces description, qui complètent celles
3500 3292 5076 3483 précédemment données, je reclame le privilège
3489 3420 4455 3600 légal pour les objets suivants
3648 3611 5142 3817 Construction et emploi de Filtres - Enbulaires
