5429 4222
3308 243 3538 376 Esch.
3580 267 4392 434 4 Mei 1839 en
3135 343 3571 492 Kabinet
3972 434 5123 614 's Hage, den 6: Mei 185.
3168 488 3395 632 L.a S.
2988 739 3800 884 Voorstel tot het ber
2985 848 4123 984 van een Apotheker der 3: klasse
3604 1305 5154 1567 De Inspecteur van de Geneesko
3382 1512 5132 1734 dige dienst der Landmagt heeft, ter ver
3391 1665 5136 1837 vulling van eene in deze betrekking be
3382 1837 5123 2021 staande racature voor eene bevorderd
3377 1950 5149 2117 tot Apotheker van de 2:de Klasse, in aan
3391 2084 5120 2253 merking gebragt, den Apotheker der
3954 2204 5089 2407 C. W. Bohnensieg, die
3373 2231 3963 2427 3=de Klasse G.
3391 2333 5132 2538 overeenkomstig de bepalingen der Wet
3391 2476 5125 2656 van den 28.e Augustus 1851, (staatsblad
3379 2634 5120 2805 N. 128:) tot het afleggen van het examen
3388 2787 5060 2919 voor den hoogenen rang opgeroepen
3371 2923 5147 3041 aan de vereischten van dat examen heeft
3391 3030 3818 3175 voldaan.
3482 3188 5136 3315 En vermits nu de Apothekers der
3371 3288 5163 3502 3de Klasse, die boven den Apotheker
3377 3431 5111 3662 Bohnensieg, van het afleggen van
2830 3689 3787 3943 Aan den Koning.
