5491 4203
3319 206 4526 405 Eek. 8 Mei 1859 en 69
3546 366 4898 602 1 Gravenhage, den 6 Mei 1859
3169 1547 3352 1678 No. 2
3689 1812 5184 1976 Voor het toenemend aantal gevan
3342 1962 3534 2044 genen
3551 1924 5189 2098 te Telok Betong in de Lampongsch.
3305 2034 5163 2168 districten, is het onmogelyk geworden, hen
3335 2130 5173 2302 langer in de redoute te plaatsen, waar z
3330 2250 5170 2386 vroeger door de wacht werden bewaakt. De
3323 2355 5208 2548 Gouverneur-Generaal van Nederlandich-Indi
3330 2482 5210 2660 heeft daarom by besluit van 2 Iuny 185
3349 2578 5170 2726 N:o 7, mogtiging verleend tot de oprigting
3354 2688 5191 2857 van eene gevangenis te Telok Betong.
3342 2808 5194 2946 ze is thans nagenoeg voltooid, en daardoor
3349 2913 5170 3110 is de noodzakelykheid ontstaan om een ci
3342 3016 5175 3157 hier tot bewaking der gevangenen aan te
3354 3136 5140 3338 stellen. Woeger toch werd in die bewa„
3335 3253 5098 3384 king reeds niet zonder moeite door de
3335 3373 5138 3495 wacht der redoute voorzien, thans, nu
3319 3483 5175 3673 een afzonderlyk gebouw voor de gevang
2843 3654 3712 3858 Aan den Koning
