5481 4223
1013 479 2811 665 jare overleden voorganger van genoemden Ambt
999 613 2818 739 naar met den ijk. van het vaatwerk belast was, vind
988 712 2790 880 ik thans geene zwarigheid Uwer Majesteit voor
984 839 2666 984 te stellen, gelijk ik de eer heb, met overleggi
977 920 2707 1108 van een ontwerp van besluit te doen, om den
984 1040 2625 1192 Arrondissements-ijker der maten en gewigten te
1115 1140 2702 1321 tphen tevens op te dragen de betrekking van
997 1262 2178 1404 ker van het vaatwerk aldaar
1651 1391 2512 1615 De Minister
1526 1635 2637 1802 Binnenlandsche Zaken.
