5369 4281
1358 528 2663 720 den ondergeteekende bestaa-
798 633 2614 818 tegen den afstand van het vermelde
737 757 1837 956 perceel Duingrond,
1884 767 2626 918 geene bedenking
1003 898 2582 1085 evenmin als tegen den aan
747 998 1923 1180 „boden koopprijs van
1949 1027 2592 1163 f 321, 42½
786 1115 2694 1319 lijkstaande met de, door twee beëedig
803 1253 2638 1463 de Deskundigen geschatte waarde en
966 1373 2655 1584 reemt over zulks de vrijheid Uwe„
716 1455 2470 1713 Majesteit eerbiedig in overwegen
835 1584 2670 1794 „ven krachtens Artikel een littera a
757 1745 2580 1945 der Wet van den 29 Augustus 1848
762 1886 2709 2042 Staatsblad N° 39) den onderhandschen
769 2001 2721 2203 verkoop van het bovenvermelde gedeelte
798 2122 2694 2327 Duingrond, tegen betaling van Drie
769 2251 2665 2429 honderd een en twintig gulden twee en
774 2400 2687 2577 veertig en eene halve Cent. (F 321.42½) en
786 2495 2638 2670 van al de kosten op de afstand en
774 2626 2675 2794 overdragt vallende, toetelaten door be
769 2736 2709 2952 brachtiging van het koopcontract dat
769 2850 2665 3079 behoudens Uwer Majesteits nadere goed
767 3001 2667 3198 „keuring met den adressant is gesloten
757 3096 2677 3303 en kopielijk wordt overgelegd bij het
762 3237 2638 3424 ontwerp besluit, hetwelk Uwer Ma-
757 3368 2628 3573 jesteit eerbiedig bij deze wordt aangeboden
1061 3495 2580 3636 De Minister van Financien
1562 3641 2436 3862 van Bosse
