5345 4197
3730 170 5043 327 Exh: 4 Mei 1859 le D4
3683 463 5017 675 is Gravenhage den 3 Mei 185
2932 495 3408 682 Kabinet
2990 652 3281 755 N 538
4608 1002 5107 1213 En ce twee k.r.s.
2872 3726 3743 3902 Aan den Koning
4677 1142 5036 1321 4 mei 89
3571 1775 5098 1999 Ik heb de eer, namens den raad
3386 1936 5075 2108 van Ministers, Uwer Majesteit hier
3395 2057 5068 2216 by een wetsontwerp met Memorie van
3408 2151 5047 2326 Toelichting aan te bieden, strekkende
3401 2255 4987 2407 tot het verlengen van den diensttyd
3390 2362 5083 2521 der miliciens van de ligting van 1854
3593 2461 5077 2625 Het zou Uwe Majesteit kunne
3386 2571 5027 2751 behagen op deze stukken den Raad
3386 2674 5107 2812 van state, met den spoed dien de zaar
3390 2792 5116 2917 vereischt, te hooren, en ’s Raads advico
3384 2891 5053 3040 daarna aan den Raad van Ministers
3386 3005 5053 3182 ter kennisneming te doen toekomen
3905 3121 5088 3343 De tydelijke Voorzitter
3842 3313 5137 3464 van den Raad van Ministers
4608 3464 4832 3623 Kils
