5491 4203
887 412 2757 513 Jaar waaruit dus eene uitgaaf van
859 518 2745 678 ƒ130. Tjaars, of gezamenlyk van ƒ490.-
875 633 2729 793 sjaars zal voortvloegen, welke dan
870 732 2757 877 als vaste post op de begrooting van
882 830 2656 981 Nederlandsch Indie zal moeten
863 965 1691 1113 gebragt worden
941 1049 2691 1226 Tegen dit voorstel bestaan by in
859 1164 2741 1339 geene bedenkingen; de koffy cultuur
859 1292 2663 1407 toch zal er door beverderd, en de be
875 1400 2691 1536 volking, die haar product nu 9 pa
863 1503 2687 1680 len vermoet brengen, zeer gebaat
882 1600 2675 1790 worden. Ik neem daarom de
882 1724 2710 1910 vigheid Uwe Majesteit te verzoeken
863 1835 2651 2014 de bedoelde magtiging te verlee
882 1943 2717 2124 nen, en by de mede deeling van
859 2058 2729 2218 Hoogst Derzelver beslissing de terug
870 2167 2710 2374 zending der nevensgaande In
861 2320 2355 2510 dische missive te gelasten
1247 2451 2585 2668 De Minister van Staat,
1240 2614 2496 2818 Minister van Kolonier
1802 2804 2058 2952 Muhr
