5481 4301
3214 134 3432 277 A/m
4023 430 4513 577 Aan den
3402 681 4338 841 De Kantonregter te Voorburg
3415 773 4683 888 ezien het aan Une Majesteit ongediend
3368 813 4877 973 an W. Perenet te s' Gravenhage tot bekoming te
4713 892 5043 962 vonnestien
3340 898 4709 1037 tie van de straf naartoehy is veroordeeld be
3355 954 5020 1137 11 Maart 1859 negen voorleeding van het prosinuaar
3355 1028 5052 1205 reglement, op de negen en voetpeden en zuid Holland
4726 1126 4960 1228 van den
3342 1145 4717 1320 Gezien het schriftelyk om als bericht schroft
3331 1228 4639 1390 Ambtenaar van het openbaar Ministere
3336 1339 4296 1503 Gezien art X66 der Grondnet
3342 1392 4956 1577 Hooft de een als zyn gevoelen aan Une Majesteit
4296 1477 4883 1601 van de armoedige
3342 1526 4247 1660 baar te maken, dat in 't hoofde
3340 1526 5058 1750 standigheden des requirants en termen aannezig zy
4036 1701 4223 1814 „ de
3340 1714 3996 1848 tot vermindering
4198 1797 4477 1907 De kantr
