5479 4203
1235 194 1968 406 Designation
362 353 2159 626 13 Filtre plus grand, à cuve horiz ontale
512 509 2271 753 a c. b. Euyau, robinct, & raccord d'arrivée. et Petits robincts de rentousag
518 679 2674 915 e. f. Robinct & raccerd pour l’eau clarifiée. l. Bouckon, à manivelle p. le ordange de l'eau
524 826 1353 1035 g. h. Couvercle fermant à brides.
1415 844 2753 1044 M. N. support sous le robinet à branchem=t représenté Fig.
382 944 2071 1188 13b is Brosse à tige pour le mettoyage superficiel
382 1109 2744 1288 14    Plan du robinet à raccerd & a double branchement l’un servau
482 1229 2671 1506 pour la sortie de l'eau, clarifiée, l'autre pour le nettoyage de la
494 1371 753 1571 Sompe
379 1529 2738 1771 15 Détait du robinct, à double boisseau, dont l'un sert comme robing
503 1697 2650 1909 d’arret, l’autre comme régulateur de la pression, extérieure
379 1847 2635 2065 16. Appareil à ceux horizontale précède d'un Eube. Reducteur
485 1982 2697 2241 N=o La disposition des raciards et Rcabinets est, pour le surplus, la même que dans la
500 2097 694 2300 Tig. 13
518 2268 2735 2506 Elération, vue de face de la Boite manométrique, servant à vérifier
494 2412 2703 2638 les pretions, ou charges d’eau, effectives auxquelles sont soumis
497 2547 1424 2759 les appareils de cette espèce
468 2703 982 2877 a a. Rancord à vis
1627 2738 2121 2938 B: petite ventouse
576 2844 2221 3053 Filtres fonctionnant par resoulement.
647 3015 2118 3235 Filtrage opéré par Refoulement
350 3129 2644 3350 18. La même sompe puise dans une barrique, un liquide
450 3291 2712 3518 trouble, qu’elle transmet, à Travers le filtre dans une autre
453 3456 2679 3650 barrique, sans que ce liquide ait reçus le contact de l’air
1124 3577 2668 3756 p.p P. A. Le Comte de Fontaine Movee
1809 3680 2350 3824 P. J. Vonk
3521 1718 3782 1903 Wien
3041 1856 3706 2041 De Minister
2915 2029 3894 2235 Binnenlandsche Zaken:
3432 2191 3650 2362 Vulx
3912 512 4309 615 waartoe er ter
4306 497 4715 647 nen zijn mogten
4006 568 5035 735 Zonder eenigzints te waarborgen de
3918 674 5056 824 waarde der uitvinding, den voorrang der in
3912 765 4950 926 voering, noch de waarheid der opgave
3930 856 5018 1000 aangaande het aanvragen van
3938 929 4785 1088 een buitenlandsch Octrooi
4115 982 5012 1147 On zal dit Octrooi door Ons
3912 1118 5009 1253 vervallen kunnen worden verklaard, om
3930 1197 5030 1350 eene der redenen vermeld bij Art 8 der
3924 1297 4732 1427 wet van den 25 Januarij 1817.
4147 1382 5024 1500 De geoctroijeerde voorwerpen
3930 1441 5180 1615 zullen binnen het Rijk moeten worden ver„
3927 1571 4177 1727 vaardigd
4103 1665 4856 1847 den 8 kei 1854
4253 1903 4827 2194 Willem
