5403 4206
3459 693 4845 784 W1J WILLEM III, BlJ DE GRATIE GODS, KONIXG
3505 802 4829 931 DER NEDERLANDEN, PRINS VAN ORANJE-NASSAU,
3509 924 4761 1058 GROOT-HERTOG VAN LUXEMBURG, ENZ., ENZ.
3505 1018 4892 1163 de voordragt van Onzen Minister
3366 1133 4929 1272 n staat, Minister van Koloniën van
3255 1242 4427 1392 den 4 Mei 1859, L.A. No. 4
3493 1347 4404 1479 J: te bben goedgevonden
4420 1365 4929 1476 in verstaan
3321 1449 5017 1638 te benoemen, gelyk geschiedt by deze, tot
3291 1563 4892 1717 Ambtenaar voor de dienst der Goui
3302 1672 4924 1856 ments electro-magnetische telegrafen
3293 1778 4422 1933 in Nederlandich. Indie,
3745 1896 4602 2055 F. ten Siethoff
3296 1981 4631 2189 zonder beroep, thans te's Gra
3284 2110 4979 2237 en zulks op de volgende voorwaarden
3309 2199 4988 2339 Aan den benoemde wordt toegekend en
3262 2346 3675 2478 Verzekert
3291 2433 4958 2623 een voorloopig tractement van ƒ150
3262 2567 4988 2676 smaands ingaande met den dag waar
3277 2657 4979 2832 op hy zich ter beschikking van Onzer
3250 2778 4583 2900 Minister van Kolonien stelt
3314 2891 4935 3018 bij zijn vertrek naar Indië, een voor
3268 2989 4931 3182 schot ten beloope van twee maanden
3255 3109 4951 3311 der voorloopige bezoldiging van ƒ150
3243 3264 4940 3423 Smaands mitsgaders eene gratificati
3223 3339 3738 3480 van ƒ 400. —,
3202 3405 5024 3639 vrij transport als passagier der 1.e klas.
3250 3561 4474 3757 se met den overlandpost
