5479 4203
2082 415 2261 536 „genoo¬
905 536 1527 662 rassal, langer met in
1544 522 2752 655 chikkelijkheid wierd aangezien en wel te m
905 615 2442 784 der toen de Sanglima besur zich allengs een grooter aan
2464 615 2718 774 hang verur
1079 722 2494 858 er en meer poogde het wettig gezag te ondermijnen
1013 810 2761 948 Uit dien hoofde werd eene militaire expeditie tegen Reteh
972 917 2673 1075 het weder spannige hoofd afgezonden, en werden aldaar in de
905 1063 2704 1167 den October en November 1858 de militaire opccatien uitgevoer.
996 1165 2752 1260 arvan wij ons voorstellen Uwe Majesteit bij deze in de eerst
901 1220 1927 1365 plaats beknoptelijk verslag te doen
1048 1308 2773 1427 Hoewel de tegen Reteh afgezonden expeditie niet sterk
905 1410 2761 1580 kan genoemd worden en zoowel met de slechte gesteldheid van he
901 1518 2771 1677 terrein, als met ongunstig weder heeft te kampen gehad, werd
882 1618 2788 1730 toek door de voorbeeldige leiding en den algemeen betoonden volhar
889 1725 2752 1858 denden moed, de meest hardnekkige tegenstand des vijands of
901 1818 2771 1963 trotseerd en verwonnen, en in een betrekkelijk koet tijdsbestek, door
893 1908 2749 2097 Uwer Majesteits trapen van de Zee- en Landmagt beiden, eene vol
953 2037 1503 2168 mene zege behaald
1067 2106 2716 2266 Uit de uitvoerige rapporten, welke met eenige andere
882 2213 2785 2373 trekkelijke bescheiden bij de brieven des Gouverneurs Generaal van
1091 2321 2804 2483 ndsch Indië van den 4 en 6 Februarij jl N=o 101/10, en 36
889 2416 2783 2525 L: D., Kabinet, behooren, en Uwe Majesteit hiernevens werden
882 2516 2797 2676 aangeboden, zal Uwe Majesteit zeer omstandig kennen blijken
893 2621 2764 2778 van den omvang en de uitvoering der gemelde militaire operatiën
877 2716 2771 2871 alsmede van de kloekmoedigheid der troepen en het beleid harer
941 2811 2761 2930 invoerders, waaraan de bevochten zegepraal vooral te danken is
1060 2933 2726 3031 Het zij ons vergund ons aan den inhoud dier beschei
948 3016 2776 3188 gedragen, en als de uitkomst dezer bemoeijingen met Retel
882 3133 2726 3285 Rechts te vermelden de verovering en vernieling der beide ver
901 3257 2697 3376 sterkingen (bentings) en van de verder door den vijand of
889 3324 2680 3490 werpen werken; het snuvelen van den Panglima besur
917 3431 2661 3590 van een zeventigtal Illanoors, de verspreiding zijner verdere
877 3540 2692 3693 magt, de onderwerping van een paar voorname partijgan
3400 434 3607 527 het herst
4350 426 4622 553 wettig gez.
4334 555 4593 639 een 200 90
3431 517 4053 655 Was het ons hoogst aan
4775 631 5051 715 wensch o
3419 641 4691 743 ditie te vernemen, gaarne voldoen wij aan a
3300 724 5099 870 Uwer Majesteits aandacht in de tweede plaats meer bepaald te
3307 815 5063 970 vestigen op hen, die zich door hunne moedige gedragingen
3307 941 5158 1060 hunne volharding en hun beleid, boven anderen hebben onder
3295 1046 5160 1144 scheiden en thans voor eene belooning of eervolle vermelding ver
3295 1110 5041 1253 dienen te worden voorgedragen. - Hoewel het in den rege
3300 1239 5110 1318 onze meening is de voordragt in haar geheel over te nemen, zoo
3288 1332 5051 1463 als die door zijne Excellentie den Gouverneur Generaal, in oir
3512 1403 5115 1558 „ng met de Kommandanten van Uwer Majesteits Zee- en
3307 1513 5122 1675 Landmagt, werdt voorgesteld, hebben wij echter gemeend daar
3293 1622 5151 1770 van bij deze gelegenheid te moeten afwijken, en wel op grond
3300 1746 5134 1865 dat de wijziging, die daarin is gebragt met de oorspronkelijk
3383 1823 5127 1977 rdragt van den Kommandant der Expeditie, den Luitenant ter Z
3283 1925 5110 2078 der 1:e klasse A.J. Kroef, vooral ook berust op de stelling op
3307 2037 5056 2175 het getal der voorgedragenen tot eervolle belooningen in „
3336 2113 5079 2278 eevenredigde verhouding te brengen met andere expeditien
3307 2211 5137 2368 Het valt echter niet te ontkennen, dat die maatstof niet alty
3312 2328 5027 2456 uist is, en dat de moeijelijkheden, welke te overwinnen ware
3295 2404 5158 2564 de mate van toewijding, welke de zaak verderde, de tijd,welke
3288 2514 5103 2676 daartoe besteed is, en de uitkomsten, welke verkregen zijn, in
3288 2623 5075 2768 verhouding tot de getalsterkte der manschappen, meer de mate
3307 2735 5134 2849 moed, beleid en volharding uitdrukt; welke is aan den dag geleg
3307 2845 5087 2973 dan eene eenvoudige bloote vergelijking met andere expeditien
3283 2926 5099 3078 Zoo ergens deze opmerking geldt, dan zeker is die het geval d
3288 3047 5001 3178 de expeditie van Retch, en hebben wij dan ook niet gea
3283 3162 5115 3288 in deze verder te gaan en Uwe Majesteit voor te stellen in i
3324 3216 5051 3374 vordragt op te nemen allen, zoo als die door den Komma
3288 3324 5134 3481 der Expeditie in de corspronkelijke voordragt zijn voorgedragen
3388 3450 5137 3564 t uitzondering nogtans van den Luitenant ter zee der 1e klas
3300 3519 4860 3712 A. J. van Mansvelt, die, omdat hij vroeger reeds twe
