5479 4203
965 490 1447 615 de Militaire Willem
1068 615 1304 722 rang van
488 880 1199 1005 De Minister van Staat
871 970 1178 1059 En Koloniën
534 978 759 1072 Ministo
773 1048 967 1217 Krück
499 1263 1283 1425 De Minister van Marine
630 1460 1243 1644 H. Lotry.
501 1782 1254 1900 De Minister van Oorle
757 1909 961 2106 Van
2003 473 2513 576 en en Militairen
2458 665 2734 786 „ 1859
1920 928 2585 1132 Willem
3640 214 4986 416 Een 8 Mei 1859 no 55
4047 591 5052 797 's Gravenhage den 3 Mei 1859
3025 983 3323 1116 Kabine
3040 1125 3263 1250 L„a W
3528 1318 5130 1497 Toen de Sultan van Lingga Machmoed Moetlafar Sjur
3498 1449 5124 1609 e zijn leen vervallen verklaard en een ander in zijne plaat
3408 1565 5087 1681 tot die waardigheid verheven was, betaende zich de Jongko
3432 1624 5095 1810 Vanglima besur van het landschap Reteh, ten Zuidoos.
4579 1766 5100 1860 nieuw benoemden
3414 1762 4570 1911 van Indragiri, ongenegen zich aan den
3439 1882 4060 2007 sultan te onderwerpen
3537 1952 5049 2108 Hij kleefde de partij van den ontslagen sultan aan
3439 2084 5106 2213 „kroemde niet daarvan openlijk blijk te geven, en lang
3539 2145 5148 2305 hand zoover te gaan, dat hij twee versterkingen (benting
3423 2278 5159 2394 opwierp, en zich in alle opzigten gereed maakte zijn plan te
3533 2333 5104 2497 luiting bij den ontslagen sultan en diens partij, zoour
3408 2491 5168 2618 als tot verzet tegen den nieuw benoemden, des noodig, door
3412 2578 4358 2707 kracht van wapenen uitte voeren
3594 2644 5159 2797 Van wege laatstgenoemden sultan en het Nederlands
3421 2725 4958 2861 Indisch Gouvernement zelf werden verschillende pogen
3423 2859 5148 3020 minnelijken weg gedaan, om hem het verkeerde zijner hand
3423 2955 5152 3110 lingen en gedragingen onder het oog te brengen, en hem of
3432 3060 5074 3207 merkzaam te maken op de nadeelige gevolgen, welke dat
3425 3165 5137 3255 zoo wel voor hem zelven als voor zijne onderdanen zoud
3425 3290 4019 3414 kunnen voortvloeijen
3664 3344 5111 3513 Deze pogingen bleven echter geheel vruchteloo=
3681 3445 5130 3640 De waardigheid van het Gouvernement scheen nu
3110 3611 3419 3725 Koning
