5471 4301
3828 299 4957 452 Noordkraijled den 229 April 1859
2934 425 3354 539 ONDISSEMENT AMSTERDAM,
2944 532 3177 619 Zevende Ka
2878 806 3119 899 No. 1142.
3531 996 5100 1132 De ondergeteekende m.r J. Schimmel Lantonregter in
2883 969 3070 1086 Bijlage.
3157 1078 5110 1200 het zesende kanton, Avrondissement Amsterdam, provincie Noord Holland
3165 1159 5096 1282 heeft de Eer met verschuldigden eerbied aan zyne Majesteit den toning
3165 1282 3565 1380 te rapporteeren,
3318 1324 5134 1438 dat door den Heer Procureur generaal in hoord Holland by op de
3177 1387 5103 1537 tillario dispositie van 13 April 1859 n:o 255 ten fine van schriftelijk
4573 1462 5079 1593 as gesteld een reg
3187 1530 4445 1647 berigt, consideratien en advies in zijne ka
3182 1550 4789 1724 van gratie van Ruth Hendrik Calis tappes te Laren,
3344 1647 5147 1768 dat drie requestant by vonnis van dit Lantongeregt dd. 31 Maart
3199 1729 5132 1863 ll. is veroordeeld tot het betalen ziver geldboete van ƒ10.- en in d
3196 1812 5096 1999 geregtstosten ter zake van op den 7den februarij 1859 des avonds no
3211 1882 5122 2023 elf uwe personen in zijne tapperij te hebben gehouden speelende en
3218 2023 3599 2135 ouder gelag,
3383 2038 5147 2183 dat zyn verwek is gegrond op de omstandigheid dat zij
3240 2140 5142 2324 de hulp der politie zou tekken ingeroepen om zyne garten te doe
3267 2196 5047 2363 verwijderen die uit eigen beweging of op zijne aanmanin
3264 2266 5139 2448 niet wilden vertrekken, door dat zulks by de behandeling de
3264 2356 5181 2533 zaak uit niets bepaald is gebleken en dat het ondermogen waarop
3269 2448 5156 2633 hy zies tevens beroept, ook wel aan eenigen twyfel onderteor
3259 2623 3728 2725 krijnt te zyn
3456 2664 4977 2810 redenen waarom de ondergeteekende van mening
3293 2764 5079 2910 er geene termen bestaan om des requestants verzoek
3284 2866 4989 3007 immers niet ten volle, aan zyner Majesteits goedg
3289 2975 4148 3138 overweging van te bevelen
4022 3058 4865 3184 det antoniegte voornoem
4287 3201 4792 3313 Schimmel
