5439 4318
1655 769 2758 891 (f 5: -) waartoe Cornelis Bakker Broo
1638 873 2709 1019 bakker, wonende te Ridderkerk,
1649 989 2715 1108 vonnis van den kantonregter als
1643 1078 2697 1216 daar, dd:o 5 Januarij 1859, ter zak
1655 1191 2692 1317 van het houden eener verloting
1655 1292 2686 1429 zonder schriftelijke toestemmin
1654 1386 2692 1523 van den Burgemeester onder
1648 1489 2733 1607 anderen is veroordeeld; blyvende
1643 1561 2822 1718 het vonnis overigens in zyn geheel:
1655 1698 2772 1818 te verminderen tot op vijftig Cents
1654 1810 2758 1945 de geldboete van drie gulden (f 3:-)
1655 1908 2753 1992 waartoe Cornelis Boerop, wonende
1673 2001 2681 2142 te Gouda, by vonnis van den
1654 2077 2621 2236 kantonregter te Hillegersbi
1654 2205 2787 2336 dd 8 October 1858, ter zake van over
1655 2299 2728 2470 treding eener verordening op het
1666 2421 2733 2577 zyden met hondenkarren, onde
1654 2548 2727 2678 anderen is veroordeeld; blijvende
1666 2662 2753 2772 het vonnis overigens in zyn geheel
1673 2764 2753 2897 kwyt te schelden de geldboete van
1715 2884 2661 3024 ijftig gulden (ƒ50:-) waartoe
1667 2966 2717 3102 Willem van de Velde, Commies
1654 3059 2706 3228 sloeproeijer, wonende te Veere
1690 3199 2722 3338 ij vonnis van den kantonregte
1655 3315 2764 3447 te Middelburg, dd 8 Maart 1850
1649 3428 2774 3591 ter zake van overtreding van he
3266 194 3997 298 G.a 2 " A de n. 1840
4022 756 5042 911 reglement op de overzetoeeren is
4053 886 5089 989 Zeeland, onder anderen is veroor
4012 969 4827 1107 deeld; blyvende het vonn
4010 1098 4435 1210 in zyn geheelt
4004 1169 4994 1304 kwyt te schelden de geldboete van
4012 1235 5086 1404 tien Gulden (ƒ10:) waartoe Dir„
4022 1366 5120 1530 Hauzes Zylstra, winkelier wonen
4492 1496 5030 1620 er, by vonnis van
3993 1505 4463 1585 de te Franet
4004 1557 4989 1713 den kantonregter te Harlin
4004 1690 5017 1829 dd: 12 Februarij 1859, terzaken
4004 1789 5127 1910 van overtreding der verordenin-
4041 1883 5007 2032 jen op den ijk der maten eng
3998 2005 5054 2126 wigten, onder anderen is veroor
4003 2101 5101 2231 deeld; blyvende het vonnis overi-
4023 2215 4663 2327 gens in zijn geheel
4029 2301 5161 2421 te verminderen tot op drie gulden
4003 2420 5151 2555 te zamen de twee geldboeten elk
3991 2527 4989 2670 van vijf gulden (ƒ5:) waarto
4070 2625 5079 2775 pe Reenders van der Schaaf
4217 2753 5089 2864 der botervaten te Roorde
3991 2858 5173 2997 huizum, by vonnis van den kan-
4004 2964 5066 3124 tonregter te sneek, dd-o 31 Janu
3998 3080 5060 3228 arij 1859, ter zake van overtreden
3998 3196 5126 3328 van het reglement op de botervaten
3998 3312 5023 3454 en Friesland, onder anderen in
3998 3415 5077 3559 veroordeeld; blyvende het vonnig
3993 3547 4826 3682 overigens in zijn geheel.
