5345 4197
1049 492 2704 663 Alle deze uitgaven zijn slechts voor een tijd
954 627 2677 758 vak van zeven maanden, ingaande den eersten
954 719 2627 864 Junij aanstaande, om het Bondscontingent in
954 819 2656 990 marschvaardigen toestand te brengen, ten einde
965 913 2614 1071 zoodra bij een nader besluit van den Duitschen
922 1028 2704 1193 bond tot de mobilisatie van het Bondsleger wordt
931 1148 2688 1312 overgegaan, die troepen, zoo spoedig mogelijk, be„
954 1261 2257 1403 schikbaar kunnen worden gesteld
1073 1358 2706 1486 De Raad van state heeft, met den aanbevolen
949 1459 2665 1621 spoed, het wetsontwerp dadelijk onderzocht, er
947 1563 2729 1741 ook hij is van meening, dat, op grond van de betres
940 1660 2681 1845 kingen van Limburg tot het Duitsche verbond, op
936 1788 2681 1955 den staat de verpligting rust om, wanneer het
961 1890 2699 2068 Bondsleger in marschvaardigen toestand wordt
943 2020 2688 2181 gebragt, het te leveren contingent: dat daarvan
943 2104 2711 2287 een deel uitmaakt, even eens op den voet van oorlog
949 2262 1779 2399 moet worden ingerigt
1128 2329 2674 2487 De Raad van State, ten advieze overgaande
949 2440 2681 2586 is van oordeel, dat Uwe Majesteit, het onderhavig
943 2526 2638 2699 wetsontwerp aan de Tweede Kamer der Staten
943 2670 2424 2821 Generaal zoude kunnen doen inzenden
1116 2785 2722 2904 zoowel om den aanbevolen spoed alsmede op grond
936 2864 2674 3051 dat bij den Raad geene bedenkingen tegen het wets ons
954 3013 2681 3148 werp bestaan, heeft hij vermeend zich van eene confi
943 3098 2753 3254 rentie met den Minister van Oorlog te kunnen onthouden
1700 3229 2591 3378 Het Voorzittend lid
1592 3342 2589 3486 van den Raad van State
2057 3425 2503 3667 JvDiepers.
2871 3696 3709 3930 Aan den Koning
3216 194 3919 359 1. Exh: 6 Mei 1859 n=o
4023 228 5002 424 4 Mei 1859 le Co
2972 365 3831 507 deze gerenvoijeerd aan den Raad
3078 523 3538 701 Voor State
3897 552 4887 728 „wenhage den 3 Mei 185.
3110 879 3439 976 ing of om conside
3107 1028 3518 1220 spord
4429 1073 4609 1258 Een
4605 1211 4801 1364 4 Mei
4521 1412 4690 1558 M
2907 1500 3779 1655 Is Gravenhage, den 4 Mei 1859
3277 1657 3782 1777 Van wege den KONING,
2907 1757 3820 1863 Voor den Directeur van het Kabinet des Konings
3939 1804 5065 1933 heb de eer, namens den Raad
3933 1894 5038 2052 ers Uwer Majesteit hierby
3987 2000 5108 2151 een ontwerp van Wet met Me
3405 2095 5110 2262 morie van Poelichting en bylage tot verhoo„
3412 2190 5130 2347 ging van het Xe Hoofdituk der staatsbegroo
3398 2305 5074 2467 ting van 1859 om te voorzien in de buitenge„
3396 2411 5141 2571 wone Uitgaven voor het Limburgsch Boudscon
3394 2532 4129 2695 tingent Kavalerie.
3563 2611 5117 2785 Het zou Uwe Majesteyt kunnen be„
3407 2731 5110 2871 hagen deze stukken, na daarop den Raad
3396 2821 5101 2992 van State te hebben gehoord aan de Tweede
3407 2965 5020 3116 kamer der staten generaal te doen toekomen
3946 3083 4963 3306 De tydelyke voorzitter
3809 3256 4981 3369 van den Raad van Ministers
4447 3367 4672 3554 Tietz
