5345 4197
3324 206 4502 369 Eek. 7 Mei 1839 en 60
3179 389 3394 584 „ 10
3878 566 5143 812 Gravenhage, den 5 Mei 1859
2912 690 3487 900 1e Afdeeling
2923 887 3756 1115 Algemeene Zaken
2971 1131 3661 1328 Comptabiliteit.
3760 2009 5161 2131 By besluit van den 28 Maart
3349 2122 3726 2233 H N„o 2
3753 2118 5134 2294 heeft het Uwe Majesteit be
3355 2220 5122 2389 baagd eene som van ƒ33.94 5/ aan te
3389 2324 5158 2493 wijzen en beschikbaar te stellen op het
3349 2432 5165 2627 12e Hoofdstuk der Staatsbegrooting van
3355 2543 5111 2735 1859, met bepaling dat die som aan in
3346 2654 5104 2796 zou worden uitbetaald en dat van het
3349 2758 5152 2946 gebruik der gelden alleen aan Uwe Mo:
3330 2885 5097 3048 jesteit verantwoording zou geschieden.
3557 2968 5111 3161 Die som heeft, blijkens de hierne„
3355 3109 5111 3222 vensgaande voldaan geteekende decla
3353 3179 5134 3367 ratie gestrekt tot betaling van door de
3337 3292 5140 3475 Erven J. J. Tijl te Zwolle geleverde zegel
3342 3425 5129 3577 voor voorloopige verbindtenissen der in
3342 3505 5097 3672 gezetenen van Schokland ter eventuele
3346 3600 4846 3792 afstand hunner eigendommen, wa
2839 3729 3588 3962 Aan den Koning
