5481 4211
1653 538 2703 669 Hebben goedgevonden en verstaan
1740 652 2733 786 Aan P.A. le Comte de Fontai
1847 765 2690 878 u, in zijn voormeld domicilen
1658 837 2686 956 te verleenen, zoo als hem verleend word
1670 933 2709 1060 bij deze, een octrooi voor den tyd
1653 1024 2673 1139 van tien jaren, op de invoer
1647 1114 2686 1258 in dit Rijk van de hier
1634 1237 2735 1354 voren omschreven verbete
1653 1392 2654 1513 ringen aan eene nieuwe si
1658 1494 2720 1626 van buis of eijlindervorm
1655 1611 2340 1732 filtreertoe stellen
3691 272 5026 502 Sek 8 Mei 1859 N.o 52. & 53
3936 510 5117 731 Gravenhage, den 6 Mei 1859
2920 729 3447 939 6e Afdeeling
2971 952 3364 1135 Nijverheid.
4146 1619 5217 1776 lijkens de stukken, welke ik
3508 1751 5094 1902 de eer heb hierbij over te leggen, wordt door I
3702 1842 3950 1987 omte d.
4146 1844 5219 1991 ntaine Moreau te Parijs, aan
1753 1834 2714 2019 Dit octrooi zal aan den
3513 1959 5223 2110 vrage gedaan, om, met vrystelling van regte
1647 1980 2762 2121 bezitten, of zijn regt. verkregen hebben
3513 2070 5217 2180 hier te lande een octwoi te bekomen voor de
1651 2074 2448 2223 de, de bevoegdheid geven:
3510 2176 5153 2333 invoering van verbeteringen aan eene nieuwe
1658 2144 2707 2316 4. Om bij uitsluiting door het
3508 2259 5191 2429 soort van buis of cijlindervormige filtree
1664 2250 2767 2403 geheele Rijk, gedurende den be„
1664 2350 2735 2484 paalden tijd, de geoctroijeerde
3519 2365 5208 2503 toestellen, waarvoor hij den 17 September 1856
1658 2442 2752 2567 voorwerpen alleen te mogen vervaa
3513 2465 5189 2639 een octrooi voor vijftien jaren heeft verkregen
1670 2527 2762 2671 digen en verkoopen, of, met zijne to
3508 2586 4977 2731 van hetwelk hij de regten heeft betaald
1658 2622 2750 2743 stemming, te doen vervaardigen
3829 2682 5189 2820 Tegen het verleenen van dit nader
1670 2728 2100 2824 en verkoopen.
1670 2765 2756 2922 B Om diegenen „welke op het aan
3528 2792 5202 2971 octrooi bestaat volgens het berigt van den Adviseu
1664 2875 2746 3015 hem verleende uitsluitend regt
3606 2890 5215 3068 verduijn, geene bedenking, terwijl het verzoe
1670 2960 2737 3086 inbreuk zouden mogen maken
3519 3032 5160 3196 om vrystelling der regten mij voorkomt med
1658 3060 2756 3183 in regten te vervolgen, en tegen
3510 3126 5181 3306 gunstige overweging te verdienen, op grond
1664 3154 2737 3260 dexelven te procederen, tot ver
1658 3226 2750 3370 beurdverklaring ten zijnen behoeve
3530 3236 5179 3394 zoo van de gedane betaling voor het oorspro
1664 3321 2737 3460 van de vervaardigde en nog on
3519 3326 5145 3470 kelijk octrovi, als van hetgeen in diergelijke
1658 3404 2743 3544 verkochte, en van den koopprij
3519 3445 4700 3608 gevallen meermalen is bewilligd
1664 3496 2750 3634 der reeds verkochte gevetroijeerde
1670 3593 2737 3729 voorwerpen, alsmede tot alle zo
1658 3678 2743 3816 danige vergoeding van schade
2994 3596 3644 3840 Aan den Koning
1658 3766 2707 3908 winst derving of interessen, als
2514 3927 2733 3989 waar
