5395 4318
1590 868 2655 1054 kantonregter te Ginneken en
1613 1020 2703 1176 Bavel, dd=o 19 Februarij 1859, ter
1607 1124 2674 1267 Zake van overtreding der veror
1596 1223 2698 1360 deningen op den yk der maten
1596 1340 2685 1473 en gewigten, onder anderen, is
1590 1416 2661 1553 veroordeeld; blyvende het vonnis
1607 1534 2401 1663 overigens in zijn geheel.
1590 1615 2657 1768 kwyt te schelden de geldboete van
1697 1738 2703 1866 gulden vijftig Cents (ƒ5.50) was
1578 1845 2680 1934 toe Bernardus Wassink, winke
1590 1930 2723 2067 lier, wonende te Arnhem, by vonnig
1584 2032 2722 2175 van den kantonregter aldaar, dd=o
1595 2126 2729 2245 4 December 1858, ter zake van over
1589 2245 2678 2388 treding der verordeningen op den
1606 2357 2722 2507 ijk der maten en gewigten onder
1590 2472 2661 2601 anderen is veroordeeld; blijvend
1584 2577 2709 2728 het vonnis overigens in zyn geheer
1601 2689 2680 2814 te verminderen tot op de helft de
1590 2791 2669 2935 geldboete van Zestien gulden ƒ16
1584 2916 2632 3026 waartoe Gerrit Schuurman
1584 3023 2640 3168 arbeider, wonende te Dalfsen
1601 3106 2638 3256 by vonnis der Arrondissements
1578 3220 2661 3373 regtbank te Zwolle dd 13 Januar
1584 3361 2651 3478 1859, ter Zake vanhoon, onder an
1576 3470 2661 3609 deren is veroordeeld; blyvende het
1582 3609 2255 3717 vonnis overigens i
2282 3586 2655 3708 zyn geheel
3222 235 3546 337 G. & 2 „ 11
3984 1010 5077 1176 te verminderen tot op vyftig cens
3980 1138 5037 1277 de geldboete van drie gulden (f 3:-)
3969 1215 5059 1332 waartoe W. Perrenet, wonende te
3957 1312 5030 1471 's Gravenhage, bij vonnis van den
3969 1414 5065 1579 kantonregter te Voorburg, dd.o 11
3969 1516 5025 1673 Maart 1859, ter Zake van over
3969 1632 5048 1775 treding eener verordening op het
3978 1746 5060 1886 zyden met houden karren, onder
3952 1852 5000 1964 andere is veroordeeld; blijvende
3963 1951 5030 2076 het vonnis overigens in zyn geheel
3873 2028 5091 2177 6/7 te verminderen tot op drie gulden
3952 2157 5192 2272 de geldboete van tien gulden (f 10:-) vor
3963 2243 4988 2399 waartoe Klaas van Mustrig
3961 2356 4982 2510 n Neeltje Zwartveld, wede A
3946 2476 5036 2606 Meuldyk, winkeliers, wonende
3952 2584 5036 2719 te Zwartewaal, bij vonnissen van
3940 2698 5047 2811 den kantonregter te Brielle, dd
3940 2805 5077 2942 2 Februarij 1859, ter zake van over
3946 2910 5102 3057 treding der verordeningen op den
3940 3033 5084 3171 ijk der maten en gewigten, respec¬
3940 3138 5017 3270 tivelyk onder anderen zyn ver.
3946 3240 5017 3364 oordeeld; blijvende de vonnissen
3933 3364 4738 3483 overigens in hun geheel
3952 3463 5000 3595 te verminderen tot op een gul
3926 3580 4881 3727 den de geldboete van vyf G
