5491 4203
1251 577 2056 753 De bedongen aan
1385 636 2705 853 eene som van f1650.-, welk
726 726 1318 850 ningen beloopen
1131 773 2399 927 Hoofd Ingenieur voorn
709 815 967 932 bedrag
714 870 1996 1017 niet te hoog is voorgekomen
952 907 2683 1069 Daar echter bij art. 1 van het konink
733 994 2685 1176 lijk besluit van den 11 November 1815 no„ 94
726 1121 2698 1228 is bepaald: dat alle werken en leverantien
723 1216 2727 1310 ten behoeve van den Sande, die meer dan
733 1266 2710 1407 f 500.- moeten kosten in het openbaar moe
701 1345 2643 1477 ten worden aanbesteed wordt tot het goed
719 1410 2608 1561 keuren dier overeenkomst, met afwijkin
726 1522 2673 1666 van de gezegde bepaling, eene speciale mag
726 1574 2613 1740 tiging van Uwe Majesteit vereischt
985 1651 2693 1808 De Ondergeteekende neemt derhalve
733 1733 2700 1890 de vrijheid aan Uwe Majesteit eerbiedig in
756 1825 2710 1964 overweging te geven, hem zoodanige magti„
763 1922 2700 2041 zing te verleenen, en daartoe het hiernevens
1330 1972 2586 2083 Ontwerp van besluit met
773 2006 1325 2123 angeboden.
738 2064 2392 2225 Hare goedkeuring te bekrachtigen
1285 2335 2747 2556 De Minister van Justitie
1817 2504 2354 2700 C H V Hoof.
