5555 4301
3060 223 3800 403 Gah 22 April 1859 No. 47
4387 642 5135 786 ne Majesteit den Korn
4023 740 4586 876 der Nederlenden
3114 1129 5086 1316 Op de hiervlij teruggoende, van wege uwe Majesteit, ten
3071 1246 5065 1371 sive van berigt, in mijne handen gesteld rekest, aan uwe
3074 1338 5173 1442 Majesteit ingediend door B. Wassink, ten einde kwijtsche
3079 1401 5206 1512 ding te erlongen, van boete en kosten, waartoe hij, bij Vrouw
3068 1504 5135 1591 van mij kanten - regter veroordeeld werd, heb ik de eer, met
3060 1561 5135 1665 bijvoeging van het rapport en de tobel, van den heer Ambtenor
3068 1602 5135 1730 van het openbaar Ministerie, van mij omtrend de zich inge
3065 1670 4736 1787 zonden, aan uwe Majesteit te berigten:
3074 1722 5146 1871 dat Berind Wassink, winkelier te Amhem, bij vonnis
3060 1825 5133 1948 van mij Kanton-regter op 4de December 1858 gewezen, met
3055 1880 5179 2037 toepaning van art 479 N.o 5 van het Wetboek van Shefregt, is
3057 1939 5157 2075 veroordeeld geworden tot eene geldboete van vijf gulden en
3060 2035 5214 2181 vijftig Center, en in de Vroster van het proces, ter somma den f 239
3044 2089 5187 2236 ter zake, dat er in den winkel van den rekestrent op 20 Septembr.
3030 2203 5184 2304 des jaars 1858, voorhanden heeft gelegen eene onterlijkte, val
3068 2282 3356 2377 sche El.
3044 2260 5010 2434 det uit het onderzoek der zook op de Tueg tritting, te
3030 2413 5002 2500 duidelykste gebleken is, dat hier aan geen opzet, met
3049 2475 5206 2562 aan goede trouw, edoch verkeerde opvetting, te denken viel,
3046 2530 5149 2649 dat het echter den Regter niet heeft mogen vrijstoen, om
3049 2587 4727 2709 de beklaagde op dien grond, vrij te spreken,
3022 2652 5135 2783 dit de Rekestant is een broit huis vader, welke een telrijk
3019 2720 5184 2861 gezin te verzorgen heeft, zoudet hen de betaling der oppelesde
2992 2796 5182 2921 boete zeer zwaar zoude vollen, weshalve ik met den diepsten
3019 2875 4918 2992 eerbied, de eer heb, om uw Majesteit te adviseren:
3348 2927 5065 3063 dat het Uwe Majesteit behagen moge, om den
3367 3016 5051 3142 rekestient van de boete ad ƒ 5.50. Vwijtschelding
3354 3098 3925 3212 te verleenen.
3664 3150 5095 3308 De Kanton-regt van Arntien
2870 3193 3650 3367 Amhem 20 april 1859.
4281 3308 5108 3441 GH VL. van Borth
