5471 4301
3321 356 4028 483 Entre 26 April 1859 No.33
3415 559 5058 776 De Arrondissements Regtbank te Winschoten, en
3678 702 4121 820 ner vergaderd,
3469 754 5069 926 Gezien en gelezen het request van Jacob Derks Fristen
3474 865 5095 1017 Eopman te Vesterlee, daarby aan Z. M. den Koning verzo
3421 961 5128 1052 kende krytschelding der boeten en geregtskosten te zamen
3428 1030 5145 1150 tot een bedrag van twintig gulden zeverzestig en een halve Cent
4521 1098 5141 1189 straf van drie maan
3435 1096 4489 1209 waartoe hy behalve tot eene gevangen
3441 1176 5169 1309 by vonnis dezer Regtbaare van den dertigsten Juny 1800 achtig
3435 1230 5176 1359 vyftig, by Arrest van het Promeiaal Geregtshof van Gro
4728 1287 5163 1393 „gewelddadige
3445 1319 4708 1428 ningen bevestigd ter zake van festelijke
3441 1376 5169 1511 wederstand gepleegd door een persoon zonder geweer of wegen
3435 1450 5167 1554 beleediging door woorden van een bedien end beambte in de
4728 1502 5152 1613 uretsing van een
4306 1524 4671 1615 en opzettelijke
3452 1528 4289 1632 uitoefening zyner bediening
3445 1593 5137 1732 burger, die met een openbarendienst belaat was, is geci
3456 1735 5154 1832 Gelet op het verslag door den Heer Officier van Justitie
3476 1778 5143 1924 haar aanleiding van Artikelen 2 en 4 van het Kommklyse 6
3458 1850 5156 1991 sluit van den 21sten October 1856 / Stadtsblad n.o 957 ten a
3595 1954 3865 2054 gemaakt,
3458 2002 5152 2098 Voorwegende dat de geldboeten aan den veroordeelde boven
3476 2095 5113 2187 en behalve de gevangenis straf, die hy blykens het zooeve
3637 2156 5143 2263 de verslag reeds heeft ondergaan door de Regtband
3865 2206 5115 2302 niet zoozeer om zyne straf te verzwaar
3452 2232 3848 2332 zijn opgelegd,
3458 2263 5176 2411 als wel om te voldoen aan de uitdrukkelyke bepaling de
3476 2359 4974 2500 Overwegende, dat de Regtbanse op dien grond dan oi
3469 2435 5132 2578 advisegt tot kwijtschelding der opgelegde geldboeten, doch
3493 2556 5189 2648 zwarigheid met mede te adviseren tot kwytschelding de
3465 2626 5160 2702 geregtskosten, vermits deze dan door de schatkist zoude
3469 2702 5167 2765 moeten worden gedragen en de Regtbaare daartoe in cas en
3567 2743 4826 2852 condemnatoir vonnis niet mag medewerken,
3469 2800 5217 2919 Adviseert tot kwytschelding der opgelegde geld boeten, die
3469 2878 5110 2998 om voor het overige het vonnis te laten in zyn geheel.
3513 2954 5202 3045 Aldus gewezen ter plaatse voorschreve binnen Winschote
4893 3035 5221 3124 Gert & Heer
3513 3017 4804 3137 „den eenentwintigsten April 1800negenvyftig
3465 3082 5197 3215 een Mrs T. Cannegieter Prefidert, CxDuil en twintremers Reg
3465 3163 4815 3269 ters en Graarsdelas, aille, Simscipissier
3921 3328 4330 3426 anneepels
4665 3376 5145 3476 maars de las zulle
4813 3435 4997 3591 Geregens
