5345 4197
2963 386 3278 491 AFDEELING
2902 505 3343 623 GENERAAL SECRETARIAAT.
2949 656 3207 798 No. 94.
3564 680 4406 814 's Gravenhage, den 7 Mei
4554 718 4717 844 1859.
3651 798 3846 925 haag
3324 1047 4688 1197 Ik heb de eer hiernevens van mijne onderteekening voorzien
3270 1171 4701 1279 terug te zenden, de bij Uw Hoog Ed. Gestr. missive van den
3284 1262 4871 1358 Mei 1859 n:o. 45, gevoegde originele koninklijk Wetten
3225 1315 4690 1431 besluit van den zelfden datum N:o 43 en 44
3219 1382 4293 1498 (. Staatsbladen N 31 „ 32.)
3260 2472 4690 2606 van welk besluit ik een geauthentiseerd afschrift ter uitvoering
3205 2555 3560 2679 heb doen houden
3667 2862 4461 3016 Voor De„ Minister van Financien,
3625 2971 4561 3095 De Secretaris Generaal
3452 3067 4739 3333 Mr. Hoijtema
2878 3335 3486 3430 Aan den Heere Directeur van
2919 3398 3408 3503 het Kabinet des Konings.
