5479 4130
2972 328 4149 527 Mage, 10 Mei 1859
3943 2310 5135 2493 harer werken aan de voeten
3487 2408 3907 2525 exemplaar
3419 2429 4928 2596 van Uwe Majesteit neder te leggen.
3735 2523 5034 2678 Dit exemplaar bestaat uit
3428 2591 5075 2759 vijftien deelen van haar tydschrift
3425 2674 5164 2876 en vier bundels van hare verhand
3441 2837 3703 2958 lingen
3852 2825 5174 3013 Het worde door Uwe Majes.
3435 2926 5123 3114 teit aangenomen, als een blijk van
3448 3047 5210 3180 Hulde en Gehechtheid en als een gering
3455 3107 5164 3283 bewijs dat Uwer Majesteits onder
3446 3212 5288 3350 danen, ook in de verzengde luchtstreck, naa
3423 3290 5254 3462 hun vermogen trachten bij te dragen tot handhuving
