5479 4130
1097 2498 2742 2624 Zij erkent guarne en met dankbaarheid, deze
958 2590 2608 2714 uitkomst niet alleen verschuldigd te zijn
940 2670 2691 2820 aan haar eigen pogen, maar, vooral ook
945 2791 2693 2876 aan de warme belangstelling en ondersteit
953 2838 2709 2979 ning, die zij bestendig vond bij het Neder
953 2905 2637 3062 landsch - Indisch Gouvernement en bij het
976 3002 2240 3149 opperbestuur in Nederland.
1215 3067 2717 3224 Zij acht thans den vogenblik geko
940 3160 2614 3291 men om niet langer huiverig te zijn.
953 3252 2688 3391 den troon van uwe Majesteit te naderen
945 3337 2732 3479 en tot haren koning de Eerbiedige bede te
953 3445 2735 3584 rigten, haar wel te willen vergunnen een
2966 203 4604 489 't H. van onkitze, den 10 Mai 1859
4486 566 5240 726 S vatuurkundige
3188 569 4447 760 Aan het Bertuur der
3566 690 5122 876 Vereeniging in overclanesch In die,
4455 850 4892 1015 Batavia
3342 904 3690 1084 N.o 42
2843 1087 3860 1267 De exemplaren zyn door de
2892 1182 3767 1344 partie. Bibliotheek des
4007 1246 5207 1437 Hobrief van het Bestuur der
2851 1313 3108 1475 Koningin
4007 1375 5207 1522 vaturkundige Bewilliging in
4025 1450 5225 1612 voor & landsch Juris, dec.to 8 novb
4022 1560 5189 1720 ll, is by den Konning ontvangen
4030 1653 5137 1815 met en henvous les exemplaai¬
4038 1766 5075 1903 hem Hase daarby Vermelde
4040 1885 4334 2016 werken
3160 1918 3489 2112 Sr.W.S.
4303 1952 5163 2148 Een Cheeft van die
2832 2073 3657 2287 en te verwenden ps KZ
4035 2083 5137 2256 missive niet veel belangstellen
4045 2204 5098 2366 kennis genomen en hertrouwt
4038 2276 5142 2441 voorstaande, dat zulks wonens
4043 2392 5098 2531 het geval zal zyn by de
4058 2457 5183 2668 inzage van de werken zelve
4274 2647 5209 2853 Intresschen laat de konnen
4066 2771 5104 2936 het Bertuur voor de almy
4063 2863 5181 3080 plaats gehad hebbende aenleedinge
4053 2954 5173 3154 dank zeggen, en wordt door
3747 3069 5214 3275 Zest, als een bewijs hem belangstellin
3767 3203 4658 3337 voormelde verweniging,
3559 3257 3731 3366 in do
3263 3257 5014 3510 Beschouwheerschep ook Derche, aanvaard.
3015 3422 5086 3633 Iklebve eer, op wonnig last, van het Hoorsgaende
4050 3489 5109 3672 by drie mededeeling te doen.
2964 3561 3947 3739 Aan het meergemeld Bertiaan
4599 3582 5171 3780 de Dir: en
