5481 4211
862 401 1729 536 terwijl tevens het nem
1902 403 2160 511 van eene
881 492 2677 665 naatregel te dien opzigte met het op latere ter
862 595 1766 705 toonstellingen van dien
2319 602 2581 740 lijk schijn
1073 689 2677 848 Bij een Koninklijk besluit van den 17: Me
867 785 2600 935 1826 werden te dien aanzien bepalingen gemaar
881 874 2666 989 voor de Commissien van bevordeling der groote we„
876 967 2677 1122 strijden, die als toen bij beurten jaarlijks plaat
850 1061 2687 1206 hadden aan de Koninklijke Akademien van beel
862 1153 2565 1307 dende kunsten te Amsterdam en Antwer,
850 1246 2710 1396 en werd het getal der dagen, waarvoor verblijfkos
857 1333 2635 1490 ten zouden worden goedgejedaan, bepaald op twa
857 1424 2647 1541 berekend tegen ƒ 8.= daags, terwijl voor reiskoster
1017 1523 2099 1682 per uur worden toegestaan.
1167 1616 2736 1750 Naar aanleiding van het sedert vastgestelde
850 1705 2675 1855 tarief zou ik meenen, dat de bedoelde leven der
869 1829 2647 1914 turijs onder de tweede klaste behooren te worden
857 1874 2696 2008 rangschikt en dat het getal der dagen voor het v
1698 1991 2685 2141 Veerdere uitgebreidheid der taar
1047 2008 1621 2141 uithoofde der
839 2080 2724 2211 van deze commissien, op drie zou kunnen worden
930 2216 1136 2293 naalda
1120 2298 2647 2429 Ik veroorloof mij alzoo tot regeling deze
1448 2368 2699 2509 ontwerp van besluit aan Uwe Ma
881 2394 1956 2610 besteit ter bekrachtiging da.
1895 2553 2321 2748 Minister
1485 2736 2106 2942 Binnenlandser
2134 2795 2403 2921 T Zaken
