5491 4203
3180 249 4334 432 Esch. 8 Mei 1859 en 75
4308 423 5016 663 den 6 Mei 1859
3558 404 4035 663 's Graven
4071 480 4306 601 hage,
3009 1468 3275 1769 ƒ 10
3038 1746 3280 1893 N.o 30
3375 1919 5151 2287 De by Uwer Majesteits besluit van
3285 2209 5049 2399 10 february ll, No 58, benoemde Officier
3285 2318 5149 2458 van gezondheid der 1.e klasse voor de dienst
3287 2427 5061 2612 der Nederlandsche bezittingen ter kuste.
3408 2539 3821 2705 Lunca, C. L.
3838 2553 5166 2679 Daniels, heeft zich by adres
3282 2658 5182 2812 dd. 23 April ll, tot my gewend met verzoek
3327 2757 5135 2940 om tot aan het tydstip zijner inschepin
3299 2857 5116 3054 derwaarts in het genot te worden gesteld
3299 2988 4287 3114 van verlofstraetement
3365 3090 5092 3275 In verband met het bepaalde by even
3299 3204 5102 3346 gemeld besluit, heeft het tractement van
3299 3320 5068 3506 den Heer Daniel als Officier van 9.
3318 3439 5123 3553 zonderd der 2e klasse van de Nederland
3275 3548 5185 3724 sche zeemagt sedert 1 April ll. opgehouden,
2826 3745 3582 3924 Aan den Koning
