5481 4301
2855 293 3297 443 Een 19 April
3785 349 4916 517 Brielle den 14:en April 1859
3223 1080 5031 1219 Op het aan UwE Majesteit ingediende verzoek,
3129 1162 4933 1301 schrift door Neeltje Zwartveld weduwe van
3129 1304 5060 1405 Drij Meuldijk winkelierster wonende te Zwartewaal
3126 1397 4921 1496 strekkende ter bekoming van kwijtschilding eene
3129 1455 5012 1628 geldboete van Tien gulden, waartoe zij bij vonnis
3119 1530 4978 1688 van dit kantongeregt van den 2.en Februarij j.l. is
3129 1631 4993 1780 veroordeeld, ter zake van het in haren winkel voor
3129 1744 4889 1873 handen hebben van twee stukjes koperen gewigt
3146 1811 4916 1958 van Twee oncen en vijf looden — in onze handen
3131 1898 4817 2083 gesteld ten fine van consideratiën en advijs-
3129 1996 4892 2172 hebben wij de eer UwE Majesteit te berigten
3211 2116 4942 2285 Dat wij ons in deze geheel met het advij
3126 2225 4969 2371 van het Openbaar Ministerie kunnen verelni
3240 2405 5067 2576 Redenen waarom wij meeren UWE Majesteit
3146 2537 5070 2670 in consideratie te moeten geven, dat het hoogst
3141 2624 4918 2763 dezelve behage afwijzend op het verzoek
3146 2759 3754 2884 te beschikken.
3607 2898 4906 3021 De Kantonregte te Brielle
4141 3074 4618 3249 Jv.Jongejan.
2980 3264 3302 3434 Aan
2891 3468 3442 3622 sten Koning
