5555 4301
2138 3980 2429 4121 30. c
789 3973 956 4143 eere
3200 278 4097 410 rah 20 April 1859 No. 5
3696 1093 5122 1329 pliet ten fine van Berigt tonni„
4584 1272 5071 1371 te handen
3786 1280 4568 1382 en advies in my
3464 1327 3764 1393 rutien
3449 1355 5086 1521 „stelde request van Petrus Soffers
3471 1446 5234 1589 Molenaar te Rijsbergen, ingedient
3464 1538 5216 1717 aan Zijne Majesteit den Koning
3471 1657 5179 1794 duarbij om aangevoerde reden ver
3458 1756 5161 1906 zoestende kwijtschelding van
3458 1851 5179 1988 Boeten waar in hij veroordeelt
3475 1939 5207 2120 is bij vonnis van dit Kantong
3482 2032 5139 2215 regt van den 19e. F. Februarij H: ter
3464 2129 5232 2285 zaken van Een ongelijkte Maat voor
3458 2237 5210 2398 handen in zijn Molen te hebben
3475 2343 5234 2525 gehad, Heb ist de Eer, van alvoorens
3471 2453 5207 2620 het Openbare Ministerie hier op
3471 2570 5210 2708 te hebben gehoort, met verschuis
3464 2660 5135 2856 „digde Hoogachtig uwe Maje
3458 2750 5207 2938 „stelt te berigten; dat op de open
3464 2849 5199 3021 bare teregtzitting van dit Kanton
3480 2971 5196 3160 geregt van den 19:e Februarij H: door
3475 3085 5188 3273 ziet op den Ambtreed opgemaastte
3491 3178 5190 3312 roces. verbaal, en Beertigde verkla„
3464 3275 5119 3464 ring van twee relatanten in
3475 3363 5177 3526 bevestigd en alzoo in regten een
