5479 4130
1641 468 2720 628 Hebben goedgevonden en verstaan
1722 606 2700 765 Aan L. Spruijt, in zijn
1680 721 2578 797 voormeld domicilium
1651 775 2720 915 te verleenen, zoo als hem verleend wordt
1670 873 2722 1008 bij deze, een octrooi voor den tijd
1651 961 2759 1101 van tien jaren, op de invoering
1670 1047 2744 1189 in dit Rijk van de hiervoren
1663 1160 2685 1307 omschreven verbeteringen
1670 1251 2661 1386 aan een toestel om vleesch
1680 1346 2710 1498 en andere zelfstandigheden
1680 1445 2757 1589 fijn te hakken hoofdzakelijk
1663 1540 2685 1692 bestaande in den vorm der
1670 1651 2036 1783 messen.
1641 1910 2781 2055 bezitter, op zijn regt. verkregen hebben¬
1651 2006 2399 2148 de, de bevoegdheid geven.
1631 2087 2828 2239 A. Om bij uitsluiting door het
1651 2170 2752 2325 geheele Rijk gedurende den be¬
1658 2271 2715 2406 paalden tijd, de geoctroijeerde
1651 2364 2781 2487 voorwerpen alleen te mogen vervaar¬
1646 2440 2786 2580 digen en verkoopen, of, met zijne toe¬
1646 2536 2739 2656 stemming, te doen vervaardigen
1651 2614 2109 2747 en verkoopen.
1741 1773 2698 1960 Dit octrooi zal aan den
1651 2683 2744 2835 B Om diegenen, welke op het aan
1651 2781 2732 2926 hem verleende uitsluitend regt
1646 2862 2786 3009 inbreuk zouden mogen maken,
1641 2972 2766 3095 in regten te vervolgen, en tegen
1646 3061 2749 3169 dezelven te procederen, tot ver¬
1646 3127 2742 3274 beurdverklaring ten zijnen behoeve
1651 3220 2732 3365 van de vervaardigde en nog on¬
1633 3313 2739 3448 verkochte, en van den koopprijs
1646 3397 2771 3539 der reeds verkochte geoctroijeerde
1646 3490 2759 3630 voorwerpen, alsmede tot alle zoo¬
1646 3568 2747 3716 danige vergoeding van schade
1646 3659 2698 3801 winst derving of interessen, als
2499 3772 2720 3892 waar
3478 353 5216 532 Mémoire Descriptif joint à la demande
3436 488 5143 603 d'un Brevet d’ Importation en Hollande,
3353 567 5224 699 de 10 ans, an nom de M:r Spruijt (Lodovi¬
3365 640 5099 819 cus / demeurant à Duffel (Belgique)
3448 738 5126 912 „ Pour des Perfectionnements apportés
3453 876 5234 986 „ dans les machines à hâcher les viandes
3448 939 4439 1057 „ et toutes substances."
3578 1030 5111 1202 Brevite en France le 9 Fevrier 1858
3551 1113 5037 1285 en faveur de M.M. Parod afils
3407 1290 5231 1481 La nouvelle machine à hacher la viande on
3335 1437 5197 1535 toutes substances et pour laquelle je désire
3316 1543 5241 1604 obtenir, een brevet d’ importation, est représen¬
3328 1621 5268 1746 tée sur les figures du dessin qui accompagne
3328 1680 4331 1803 la présente demande.
3448 1756 5138 1915 La figure 1:re montré en section une
3340 1857 4983 1969 machine fonctionnant verticalement
3468 1942 5180 2094 La figure 2 est une autre disposition
3330 2048 5109 2131 de machine disposée horrontalement.
3463 2114 5180 2249 La figure 3 est une section transversale
3323 2217 5028 2362 suivant la ligne 1 - 2 de la figure 2
3470 2296 5182 2445 Les figurer 4 et 5 sont les détarts de
3326 2369 4177 2506 lamer travaillantes.
3483 2489 5229 2597 Cette machine se compose d’une caerte
3348 2580 5197 2717 cylondrique regulière A. dont un des bonts
3323 2666 5138 2808 est terminé par une surface plane a et
3321 2757 4934 2899 l’autre par une sorte d’entonnons.
3453 2833 5143 2995 Cette caerte est fondue dans le sens
3323 2918 5192 3083 de sa longueur et droitée en deux parties
3311 3068 5204 3174 égales, vennes de fonte séparément, mais
3323 3098 5300 3277 par fastement régulières et semblables quant
3323 3223 3781 3326 an creur.
3519 3299 5264 3436 Sur le fond de cette coquille est venu
3316 3387 5209 3519 également de la même pièce, une donnée
3313 3496 5331 3613 c formant palier dans laquelle se monte
3316 3586 5177 3679 le collier de l’arbre c. portant une serve
3316 3676 5121 3772 de lames L en forme d’S, disposées
3323 3762 3738 3890 en helve
4800 3806 4979 3956 Ces
