5439 4318
1574 790 2649 945 het daarstellen van eene vleesch
1580 908 2631 1067 houwerij en eene vleesch rookerij
1639 1008 2637 1169 „ne woning, zonder daartoe be
1580 1112 2619 1262 komen vergunning, onderana
1590 1212 2651 1362 is veroordeeld; blijvende het vonni
1578 1311 2364 1468 overigens in zyn geheel
1605 1393 2676 1543 te verminderen tot op een gulden
1590 1511 2704 1672 de geldboete van tien gulden (ƒ10: -)
1598 1605 2657 1755 waartoe P. A. van der Haar, a
1586 1710 2651 1847 beider wonende te Bommenede
1600 1818 2639 1991 by vonnis der Arrondissements
1592 1914 2627 2077 regtbank te Zierikzee, dd:o 7 Ja
1592 2018 2686 2203 nuarij 1859, ter zake van overtri
1592 2136 2582 2299 ding van het reglement op de
1605 2242 2584 2397 buurtwegen in de provinci
1627 2342 2651 2501 Zeeland, onder anderen, is ve
1611 2433 2631 2615 oordeeld; blyvende het vonnis
1598 2555 2346 2725 overigens in zyn geheel
1617 2653 2710 2826 kwyt te schelden de twee geldboete
1605 2786 2704 2908 elk van acht gulden (ƒ8:) waar
1605 2881 2694 3046 toe Ian Derks Feiken, koop
1609 3001 2639 3126 man, wonende te Westerlee
1596 3105 2692 3291 by vonnis der Arrondissements
1605 3217 2633 3394 regtbank te Winschoten, dd
1603 3341 2704 3498 30 Junij 1858, ter Zake van rebell
1603 3488 2708 3584 lie, onder anderen is veroordeeld,
3179 212 4111 387 Een 20 April 1859 No. 57
3083 369 4378 552 Exh. 7 Mei 1859 No. 73
2993 796 3394 975 N=o 130
3531 981 4272 1177 Rapport
3859 1279 3965 1358 AAN
3274 1488 4537 1611 ZINNE MAJESTET
3633 1694 4160 1806 INGEDIEND DoOR DEN
3346 1894 4443 2040 MINISTER VAN Justitie
3083 2132 4720 2254 op onderscheidene aan Hoogst Dezelve ingediende
3441 2327 4347 2474 verzoekschriften om gratie.
