5403 4197
1844 430 2758 552 waaronder de uitzen
996 421 1456 554 De voorn
949 528 2688 654 ding van deze telegrafisten en technie
961 633 2789 809 zou plaats hebben en met welke zy vol„
965 769 2765 886 komen genoegen nemen, zyn omschreven
965 856 2782 1021 in de bygaande ontwerp- besluiten waa„
954 965 2777 1150 aan ik eerbiedig de vryheid neem my ter
965 1075 2765 1241 bekorting te gedragen. Die voorwaarden
949 1183 2751 1325 zijn verschillend naarmate van het ver
907 1295 2758 1431 schil in jaren, kunde, ervaring en maat
961 1410 2704 1573 schappelyk standpunt van de genoemde
965 1515 2625 1667 Heeren. Zy komen, met uitzonderen
949 1615 2751 1805 van het tractements cyfer, nagenoeg over
949 1732 2728 1868 een met die waarop de benoeming van
954 1844 2709 2017 den Ambtenaar voor de dienst der Gou
961 1945 2723 2099 vernements - electro - magnetische telegrafen
961 2055 2723 2230 in Nederlandich. In die H.L. Janssen is
935 2160 2779 2302 geschied by Uwer Majesteits besluit van
930 2272 2027 2424 2 Augustus 1855, N.o 95
996 2366 2777 2508 Op grond van al het bovenstaande heb
935 2480 2740 2613 ik mitsdien de eer Uwer Majesteit eer
947 2602 2735 2756 biedig in overweging te geven, door be
949 2716 2758 2884 krachtiging van de drie hiernevens aan
942 2833 2765 2999 geboden ontwerp. besluiten, te benoemes
935 2936 2814 3083 tot Ambtenaren voor de dienst der Gou-
954 3050 2789 3193 vernements - electro - magnetische telegra-
912 3158 2735 3350 fen in Nederlandsch. Indie op de by de
935 3280 2779 3460 ontwerpen respectivelyk omschreven voor
949 3380 1905 3516 waarden, de Heeren
1244 3499 1561 3661 G.W.
1585 3483 2408 3672 ten Brummeler
1274 3630 1833 3812 D. Göllner
3992 397 4238 512 Hout
3838 531 4460 659 J. F. ten Siet
3892 633 4315 771 M. Timi
3434 748 5086 872 voorts my te magtigen, den Gouver
3420 844 5252 1003 Generaal van Nederlandsch. Indie aan 't
3420 961 5294 1080 schrijven om in het algemeen aan de ama
3429 1071 5294 1241 tenaren het zy telegrafisten hetzy technic
3431 1178 5189 1360 die aan ons station te Singapore ge
3443 1281 5255 1402 plaatst zijn, zoo noodig, eene billijke toe
3413 1391 5105 1571 laag uittekeeren, geevenredigd aan de
3408 1482 5264 1629 welligt duurdere levenswyze en het stan
3413 1599 4853 1723 punt dat zy aldaar zullen in
3502 1713 5210 1903 Het behage Uwer Majesteit de terug
3420 1814 5210 1968 zending te bevelen van de overgelegd
3420 1928 5224 2101 brieven van den Ingenieur der Ryks
3417 2022 3934 2186 telegrafen
3801 2190 5168 2417 De Minister van Staat
3920 2359 5171 2517 Minister van Koloniën
4420 2536 4729 2754 Mieter
