5345 4197
963 489 2521 663 ligting met een jaar te verlengen
967 631 2724 769 ten ware de omstandigheden inmiddels
972 708 2699 875 mogten toelaten hun het ontslag vroeger
1008 810 2652 952 te verleenen met dien verstande echter
949 916 2735 1098 dat zy niet onder de wapenen zullen worden
954 1022 2668 1204 geroepen dan nadat de miliciens verlof
954 1143 2704 1328 gangers der drie voorafgaande ligtingen
949 1256 2352 1416 in werkelijke dienst zijn gesteld.
1164 1344 2747 1509 De Raad van State is met den Minister
961 1488 2650 1635 van oordeel dat onder de tegenwoordige
936 1583 2749 1752 omstandigheden de staatkundige toestand
961 1687 2729 1867 van ons werelddeel gebiegt voorzigtigheid
967 1804 2735 1957 in acht te nemen, en daartoe op uitbreidin
961 1903 2699 2075 van ’s Ryks strijdkrachten zoo die ge
949 2014 2699 2192 vorderd werd bedacht te zijn; hy kan
985 2122 2674 2257 ich in't dien hoofde met de onder
943 2257 2688 2406 havige wets voordragt vereenigen daarby
949 2354 1845 2501 alleen in overweging
2016 2356 2645 2505 ende om aang
985 2440 2720 2596 ien de wet reeds den 15 Xber ik moet werken
949 2548 2722 2717 tot het verkrygen der bevoegdheid om op
943 2661 2656 2835 dien dag de ligting niet te ontslaan
947 2785 2674 2922 deze voordragt aantevallen met de in
3137 1069 3617 1274 (Spad)
2950 1236 3707 1459 Exh. 6 Mei 1859 no 1.
2979 1502 3858 1684 's Gravenhage, den 4 Mei 1859.
3331 1694 3838 1813 Van wege den KONING
2968 1763 3881 1903 Voor den Directeur van het Kabinet des Konings
3479 1854 3628 1975 sovan
990 2907 2713 3049 poed vereischende gevallen gebrui
967 2992 2650 3166 kelyke bepaling strekkende om
949 3098 2532 3279 de wet dadelijk na de uitvaard
2550 3130 2713 3295 ging
949 3216 2077 3371 te kunnen uitvoeren
1265 3313 2695 3484 Geene bedenkingen tegen de
943 3421 2688 3590 voordragt hebbende heeft de Raad
949 3531 2582 3705 tot bevordering van den gewenschten
954 3628 2424 3804 spoed, zich van eene conferen
2444 3676 2692 3766 tie met
2864 3728 3791 3964 Aan den Koning
2458 3757 2609 3971 den
3137 207 3360 399 D 4
4016 207 5076 359 4 Mei 1859 le D4
2893 214 3078 419 L. 4.
2977 352 3867 505 zij deze gerenvoijeerd aan den Raad
3973 480 5074 722 =verhage den 3 Mei 1859
3103 541 3603 697 van State
2950 875 3804 1017 ler beschikking, of om consideratien en advies
4630 1042 5164 1252 Een ce twee N.V.S.
4704 1195 5069 1367 4 mer 89
3976 1901 5105 2011 l de eer, namens den raad
3976 1991 5081 2138 is, Uwer Majesteit hier
3414 2081 5081 2248 by een weksontwerp met Memorie van
3414 2190 5047 2347 Toelichting aan te bieden, strekkende
3401 2305 5002 2447 tot het verlengen van den diensttyd
3389 2393 5101 2553 der miliciens van de ligting van 1854
3588 2503 5092 2670 Het zou uwe Majesteit kunnen
3389 2618 5038 2735 behagen op deze stukken den Raad
3396 2708 5135 2877 van state, met den spoed dien de zaak
3385 2819 5135 2977 vereischt, te hooren en ’s Raads advies
3378 2929 5044 3067 daarna aan den Raad van Ministers
3382 3042 5051 3207 ter kennisneming te doen toekomen
3933 3157 5069 3380 De tydelijke voorzitter
3849 3333 5117 3477 van den Raad van Ministers
4596 3491 4812 3662 Kils
