5507 4301
3731 291 4204 480 Hillegersber¬
4313 328 4470 470 19e
3266 1291 5127 1540 De Kantonregter in het Kanton Hillegersberg
3114 1542 5104 1746 Gezien het rekwest aan Uwe Majesteit ingedie
3089 1711 4953 1925 door Cornelis Boerop, koopman te Gouda
3104 1903 5102 2087 daarby verzoekende kwijtschelding van de boete
3114 2027 4985 2246 de geregtskosten waartoe hy veroordeeld is by
3164 2191 5122 2410 vonnisse van dezen Geregte d. d. 8 October 185
3303 2333 5102 2622 Gezien art. 5 van het Koninklyk besluit
3194 2532 5037 2746 van den 21 October 1856 (Abl. No. 95)
3196 2749 5117 2965 mede voorweld vonnis en de verdere stukken va
3174 2953 3706 3159 den Process
3269 3147 5094 3351 Gelet op het berigtschrift van het Openbaar
3186 3276 4786 3515 Ministerie en de daarby gevoegde tabel
2958 3505 3236 3813 Aan
3005 3836 4050 4052 Zyne Majesteit den Kon¬
