5479 4130
2891 489 3444 634 10 Mei 1859
3727 487 5010 602 W IJ WILLEM III, B1J DE GRATIE GODS
3876 602 5034 687 KONING DER NEDERLANDEN, PRINS VAN
3871 673 5035 776 ORANJE-NASSAU, GROOT-HERTOG VAN
2957 671 3260 815 No. 49.
3871 757 4623 850 LUXEMBURG, ENZ., ENz., ENZ.
4107 882 4991 1088 Gezien het request van 2
3989 1029 5045 1184 Spruijt, woonachtig te Deeffel.
4030 1141 5077 1278 Belgie domicilie gekozen hebbende bij
4013 1219 5104 1347 L. J. Vonk. solliciteur te's Gra
3997 1331 4356 1427 venhage
4013 1339 5099 1492 daarbij verzoekende, om overeenkom
4000 1465 5039 1610 stig de wet van den 25 Januarij 18
4011 1546 5058 1684 Staatsblad N: 6 te verkrij
4007 1645 5110 1783 gen een octrooi voor den tijd van tien
4026 1744 5104 1885 eren op de invoering in dit Rijk
3983 1842 5128 1994 van verbeteringen aan een toestel
3995 1941 5098 2074 om vleesch en andere zelfsta
3987 2034 5122 2179 digheden fijn te hakken, hoofdzakelijk be
3989 2136 5003 2275 staande in den vorm der messen
3989 2201 5122 2367 waarvoor hij verzekert dat in Frank
4013 2313 5141 2463 rijk den 9 Februarij 1858 een brevet voor den
3995 2423 5082 2567 tijd van vijftien jaren is verleend
3995 2506 5152 2647 aan de heeren Parod en Zoon en
4018 2669 5098 2813 waarvan hij verklaard is de eerste
4019 2775 5114 2922 invoerder te zijn, blijkens het Proc
4019 2858 5134 2986 Verbaal opgemaakt bij het inleveren
4013 2960 5027 3090 der stukken, ter griffie van de
4030 3038 5040 3152 provincie Zuidholland den 15
4007 3133 4471 3227 Februarij 1859
4190 3201 5059 3348 jezien de teekening welke
4002 3284 5064 3415 hiernevens is gevoegd, ende beschrijvin
4026 3361 4986 3519 waarvan de inhoud is als volgt:
4074 3537 4844 3695 Fiat insertio
