5491 4203
1702 339 2053 560 pensioen groot ƒ3600.
1008 483 2789 667 Op den Alphabetischen staat der Amb¬
957 590 2782 757 ten in Nederlandsch. Indie, behoorende
945 713 2729 913 by het Reglement op het verleenen van
943 848 2745 1024 pensioenen aan burgerlyke Ambtenaren
952 952 2751 1087 in Nederlandsch Indie, goedgekeurd by
931 1052 2710 1217 Koninklyk besluit van 10 April 1837,
941 1164 2731 1338 N:o 72, is de betrekking van Resident van
959 1270 2759 1410 Timor gerangschikt in de klasse G, aan
943 1366 2731 1549 welke klasse, volgens Art. 11 van het
931 1484 2754 1679 Reglement, verbonden is: voor 20 jarige
943 1582 2745 1793 dienst, als minimum, een pensioen van
971 1719 2759 1858 ƒ 2100.'s jaars, en voor 30 jarige dienst, als
978 1812 2745 1930 maximum, een pensioen van ƒ 3150.'s jaars.
987 1904 2699 2074 Die rangschikking heeft plaats gehad
966 2011 2754 2230 met het oog op de bezoldiging van ƒ800
929 2123 2662 2271 'smaands, welke aan de gemelde betrek¬
922 2244 2734 2378 king, tydens de vaststelling van het pen¬
931 2343 2450 2513 sioen's reglement, was verknocht.
996 2460 2659 2666 Krachtens de magtiging door Uwe
922 2559 2759 2782 Majesteit, by besluit van 6 January 1850,
929 2669 2734 2820 N:o 48, verleend, is evenwel het tractement
931 2794 2734 2966 van den Resident van Timor sedert ver¬
931 2903 2673 3080 hoogd met ƒ200. 'Smaands, en alzoo ge¬
901 3019 2650 3214 bragt op ƒ1000.-'smaands of f 12.000 's
913 3114 1159 3256 jaars.
955 3258 2687 3426 Gelyktydig met het voorstel tot deze
899 3354 2620 3542 organieke tractements vermeerdering
906 3463 2710 3616 werd door het Indisch bestuur in over¬
915 3584 2699 3783 weging gegeven, om ook het pensioen van
2487 3827 2685 3893 den
3454 411 5244 590 den Resident van Timor in eene hoo¬
3467 560 5181 734 gere klasse te plaatsen, dan waarin
3458 660 5279 857 het oorspronkelyk was gerangschikt,
3456 806 5207 948 ten einde ook in dat opzigt overeen¬
3444 894 5284 1022 stemming te brengen tusschen het meer
3447 1001 5265 1173 gemelde ambt en de betrekkingen van
3442 1115 5256 1282 Resident op de overige bezittingen bui¬
3429 1215 5230 1377 ten Java en Madura, welker bezol¬
3498 1342 5256 1517 diging insgelyks ƒ 1000.'s maands beliep.
3472 1414 5184 1579 Te dezer zake is dertijds geene be¬
3423 1544 5161 1721 slissing genomen, omdat de toenmalige
3416 1644 5244 1791 Minister van Kolonien van meenig was,
3437 1758 5149 1909 gelijk Uwe Majesteit uit diens voor¬
3416 1865 5258 2016 dragt van den 3 Januarij 1850, L: A, A:
3419 2004 5242 2116 4, des gelievende, zal kunnen ontwaren,
3405 2107 5235 2248 dat zich daartoe eene meer geschikte
3405 2172 5242 2355 gelegenheid zou aanbieden by het vast¬
3395 2299 5200 2508 stellen van den suppletoiren klassifi¬
3389 2408 5256 2564 catie-staat voor het pensioens reglement,
3389 2518 4887 2657 welke toen in behandeling was.
3447 2620 5279 2798 In verband met de later aanhangig
3374 2752 5089 2894 gemaakte overwegingen nopens eene
3363 2824 5212 3001 herziening van het geheele pensioens-re¬
3386 2970 5165 3117 glement, is het arresteren van den zoo
3386 3063 5230 3270 even bedoelden suppletoiren staat ach¬
3379 3166 4178 3319 terwege gebleven.
3393 3291 5219 3470 Volgens de bepalingen zoo als die op dit
3335 3407 5200 3609 oogenblik werkelijk bestaan, kan de heer
3349 3523 5126 3714 Fraenkel derhalve slechts regt doen
3365 3651 5226 3837 gelden op een pensioen berekend naar de
5017 3790 5205 3958 Klas
