5481 4211
1035 533 2697 687 quelconque du liquide à clarifier. C’est-à-dire pour
1019 627 2686 748 tous les besoins domestiques ou industriels; mais
1026 746 2791 898 cavec les modifications de forme, et de dimensions que
1037 880 2256 1015 ses données socales peuvent reclamer.
1235 980 2719 1145 En ce qui concerne les Filtres, placés dans un
1019 1096 2690 1268 cuvefermée les principes précédemment établis et les
1013 1235 2672 1387 premières dispositions indiquées, conservent toute leur
1019 1354 2734 1536 justesse. Je donne seulement, dans le dessin ci-joint
1013 1468 2697 1633 quelques dispositions plus complètes et plus usuelles
1006 1598 2637 1739 en indiquant toutes les parties essentielles du méca
1048 1715 2719 1867 La légende explicative des Figures suffit d'ailleurs
1024 1838 2679 2001 pour donner, à cet égard tous les éclaircissements
1026 1961 1402 2091 nécessaires
1244 2063 2686 2225 11 - Addition relative à l'emploi du Eube
1010 2203 2529 2338 Réducteur ou appareil régulateur de la pression
1211 2322 2692 2472 Les Filtres dela 2.e catégorie fonctionnent sous
1019 2446 2719 2584 une pression constante, qui est celle d’une atmosphère
1028 2567 2714 2714 dès-lors à compression égale s’épaisseur de la matière
1013 2681 2686 2831 filtante peut rester uniforme; et se rendement,
1006 2798 2710 2954 se calcule en raison du développement sincaire der
1013 2906 2675 3071 cylindres. Mais il n'en est pas de même pour les
1004 3031 2648 3165 Filtres, à cuves fermées, exposés à être soumis à des
1019 3150 2668 3322 pressions très différentes; depuis 3.m ou 4.m jusqu’à
1002 3282 1550 3410 50„m et candela.
1215 3397 2624 3557 On conçoit que pour éviter de faire varier
995 3507 2637 3685 continuellement; soit l'épaisseur soit le degré de
984 3634 2624 3824 compression des Filtres il y à un grand intérêt à
3674 183 4389 341 Désignation
3564 557 5166 700 pouvoir ramener la construction de ceux-ci à un
3566 643 5193 812 petit nombre de Expes uniformes; par exemple pou
2919 757 3198 900 2.° de 5 à 8
3551 755 5171 938 des charges d’eau 1.° de 4.m à 5.m 2.o de 8m. à 10m., en
3553 894 5226 1028 ramenant tous les autres cas. Eel est l'objet du Eube
3588 1024 5243 1175 Réducteur dont le mécanisme peu être exposé en pe
3577 1158 3854 1257 de mots
3740 1253 5224 1435 Pour les petits appareils, soumis à une forte char
3548 1371 5213 1539 on peut souvent se contenter de réduire l’orifice d’arrive
3553 1486 5226 1649 de l'eau, par la fermeture partielle du Robinet-d’arre
3529 1616 5171 1781 Mais comme il est bon de ne pas laisser cette manœur
3564 1732 5186 1906 délicate à l'appréciation des gens de service, Charge
3542 1867 5105 2045 du nettoyage de l'appareil, il est bien préférable
3566 1968 5186 2157 d’avoir, soit séparément soit réuni au premier, in
3531 2082 5173 2265 2e. Robinet à Carré, et à Clef séparée; qui fonctionn
3531 2223 5186 2397 alors exclusivement comme Robinet-Régulateur (Ao
3551 2342 3802 2483 Fig. 15)
3707 2437 5166 2626 Pour les débits plus considérables, et sous les forts
3529 2578 5160 2736 pressions, il peut-être utile soit pour ajouter à l’acte
3540 2699 5171 2862 de ce régulateur soit pour le remplacer, à moins de
3548 2842 5147 2978 frais d'employer un mécanisme différent; c'est celu
3529 2930 5125 3099 qui correspond au Eube-Réducteur proprement dit
3546 3080 5131 3236 Son principe consiste a faire passer l'eau, arrivant
3553 3190 5160 3350 sous une trop forte charge, à travers une ou plusieu
3548 3300 5136 3467 plaques de Côle perforée, combinée avec le mouvem
3546 3416 5120 3595 d'une tige tournante, qui masque ou démasque
3542 3537 5144 3718 une plus ou moins grande étendue de la surface
3542 3661 5138 3788 percée; de manière a arriver exactement au déc
