5481 4211
1038 521 2701 680 établis comme il est dit ci-dessus, formés d’une seule
1038 623 2686 795 couche de Contisse de laine comprimée, filtrant de
1055 736 2747 927 dehors en dedans, et permettant d’opérer, suivant les
1031 851 2757 981 cas usuels; 1.° Par simple immersion du Filtre dans
1031 973 2738 1151 un siquide peu profond; 2.o Par assignation en utisisan
1025 1116 2716 1292 la pression atmosphérique ; soit avec une Lompe, soit
1025 1244 2721 1407 par siphonnement; 3.o avec charge d'eau venant d’un
1038 1344 2721 1518 réservoir supérieur; 4.o Par refoulement, avec une
1055 1481 2762 1637 Pompe aspirante et foulante, en prèservant comple
1049 1594 2686 1754 tement le liquide à Filtier du contact de l'air
1240 1833 2721 2000 application des Filtres de ces système, selon les
1062 1943 2731 2074 divers modes ci-dessus décrits, à la clarificatum des
1049 2078 2675 2228 eaux, douces ou salées; comme à celle des divers
1031 2202 2695 2358 liquides, employés dans l’économie domestique ou
1031 2325 2690 2480 dans l'industrie; tels notamment que les Bières
1025 2432 2771 2597 Vinaigres; alcools; Vins; Huiles; Essences; Jus, destinés
1029 2569 2708 2679 a être convertis en sucre ou aloudi; ainsi qu’à la
1038 2671 2697 2831 Filtration des Précipités chimiques, des eaux meres
1025 2799 2771 2975 contenant des Fécules, des produits pulverusents et autres
1025 2905 1637 3098 liquides analogues.
1229 3148 2740 3331 Remplacer en cas de besoin la Contisse de Saine
1038 3289 2727 3444 par une autre matière silamenteuse, compressible
1014 3409 2493 3546 mélée ou non de matières pulverulentes
1207 3611 2771 3817 Adapter aux Filtres soumis à de grandes pressions
3650 176 4390 391 Désignation
3507 547 4282 690 un mécanisme Rédise
4518 569 4833 693 e manière
4844 515 5142 688 a ramen
3504 651 4796 821 tous les appareils à des Expes uniformes.
3691 860 5146 1040 Considérer le nettoyage des Filtres, par un
3496 988 5094 1114 contre-courant obtenu à l’aide d’une Tompe, co
3496 1105 5165 1279 un des points caractéristiques du système ci-dessus
3507 1246 5213 1405 décrit, lors-même qu’il s’agirait de l’appliquer à de
3513 1374 4295 1542 Filtres d'une autre forme
3698 1578 5142 1765 Employer en un mot ces Filtres. - Eubulaires
3528 1737 5070 1891 perfectionnés, en maintenant leurs dispositions
3500 1843 5202 1976 Condamentales, mais avec telles londifications de détail
3500 1971 5202 2128 qui peuvent être reclamées, dans leurs diverses applicatie
3513 2102 3863 2199 particulières
4234 2425 5189 2575 Paris le Janvier 185
