5491 4203
960 407 2700 660 een Mandoor op /10's maands.
960 605 2731 800 Waardoor eene vermeerdering van
952 719 2717 895 uitgaven van ƒ2124:'s jaars ver
948 817 1762 938 oorzaakt wordt
1045 917 2829 1072 Met de noodzakelykheid van deze
936 1036 2793 1205 verhooging van uitgaven kan ik
943 1179 2743 1293 my wel vereenigen, daar het uit
912 1255 2777 1434 de overgelegde stukken blykt, dat de
910 1355 2734 1548 djaksas thans uit eigen middelen
912 1474 2736 1650 schrijvers moeten bezoldigen om de za
905 1574 2798 1760 ken by te houden, en dat het toezigt over
891 1693 2805 1886 de bedoelde gevangenissen gedeeltelyk
917 1815 2772 1979 wordt uitgeoefend door onbezoldigde
922 1922 2753 2060 politie dienaren, die daarvoor alleen
910 2041 2722 2234 lyk van haven diensten zijn vrijge
900 2174 2760 2357 steld, hetgeen by de andere gevange
910 2272 2781 2469 nissen in die residentie geenzins het
888 2381 2686 2586 geval is. Ik vinding dan ook on
869 2529 2715 2707 bezwaard Uwe Majesteit te verzoe.
867 2634 2691 2853 ken de bedoelde magtiging te ver
879 2755 2750 2938 leenen, en by de mededeeling van
860 2869 2698 3091 Hoogst Derzelver beslissing de terug
862 3034 2734 3196 zending der nevensgaande stuk
874 3127 1779 3305 ken te gelasten
1195 3238 2534 3465 De Minister van Staat,
1191 3410 2593 3610 Minister van Kolonien.
1779 3579 2103 3741 Ustens
