5479 4203
1360 336 1572 438 de Mai
1394 426 1813 569 G.H.K. Freh
1453 546 1649 653 A. Blo
1370 641 1739 774 J. H. Metter
1341 722 1994 884 de Matrezen der 2=de klas
588 1410 979 1582 L. G. de Groop
1318 1546 2006 1670 de Matrozen der 3de klass
1346 1644 1513 1792 F. C.
755 1718 927 1863 Buk
596 1823 1113 1937 de Minister van Marine
1353 1839 1854 1985 G. A. H. van Too
684 1920 1167 2097 H. Lotig
1363 1954 1804 2082 J. van Schaijk
684 2123 941 2292 F.Hr.
1348 2151 2037 2273 Korporaal der Mariniers
1375 2242 1684 2397 H. Thijsser
1348 2352 2028 2464 Marinier der 2=e klasse
1353 2435 1739 2564 H. van der Kley
1329 2533 2018 2671 Landmagt in Oost Inde
1103 2547 1315 2678 van de
1170 2649 2101 2747 den 1=n Luitenant der Infanterie
1372 2752 1525 2871 M. N.
1394 2857 1622 2942 Puseliers
1375 2950 1708 3092 L. C. Bey
1518 3052 1827 3193 in de Bul
912 3154 1258 3290 met bepaling
941 3266 2692 3364 dat wanneer uit de later aan de Kanselarij der beide Orden te
891 3321 2637 3483 renden dienststaten van de hiervoren sub: a en b genoemde Schepel
889 3471 2649 3581 en militairen beneden den rang van Officier mogt blijken, dat zij
877 3588 2592 3686 de dagteekening van dit Ons Besluit een anderen of hoogeren g
889 3648 2668 3762 hebben bekleed, zij als dan gerekend zullen werden ook met betrekk
2004 3729 2382 3872 onder dien het
870 3726 1994 3867 tot het genot van riddersoldij, hiervoren
3269 536 3426 655 Besluit
3783 631 4048 746 met heden
4155 605 4346 720 werden
3276 631 3648 739 ben verlaten. van
3283 708 4269 836 in den laatst door hen bekleeden graad
3914 824 4143 939 Art: 2.
4022 901 4634 1008 ter Orde van den Nederl
3355 903 3931 1048 Te benoemen tot Rida
3438 1013 3702 1156 van Gevondh
3934 1022 4860 1158 lesse van de Ziemagt in Castindië W.J. Crami
3914 1110 4124 1229 Art: 3
3371 1196 4996 1322 Krachtens Ons tegenwoordig Besluit zoo in de Indiën als in S.
3438 1298 4643 1425 zonderlijke dagorders eervol te doen vermelden
3383 1427 4243 1558 van de Zeemagt in OostInde
3383 1506 4698 1658 den Kapitein Luitenant ter zee J. van Mauri
3533 1615 5032 1768 Stations - Kommandant in de wateren van Riouw en Linge
3395 1720 4896 1885 den Luitenant ter zee van de 1=e klasse A.W. Keuchenius
3545 1830 4632 1947 Kommandant van de Schoonerbrik Jadi
3395 1916 5001 2066 den Luitenant ter zee van de 2:e klasse Jhr: A. C. van Haeften
3395 2030 4889 2182 den Officier van Gezondheid der 3e klase H. van Stockum
3395 2142 4579 2247 den Eersten Bootsmansmaat C. Schlie
3343 2220 4677 2366 en den Vierden, Zeilmaker L. A. Janse
3336 2316 4381 2454 6. van de Landmagt in Oost Indi
3400 2399 4822 2561 de fuseliers J. H. van der Voort en T. Sant
3283 2554 5158 2664 met bijvoeging in de uittevaardigen dagorders, dat aan de voo
3269 2618 5056 2766 dragt tot benoming tot Ridders der 4=e klasse van de Mu
3283 2728 4834 2854 Willemsorde van de mariniers der 3e klasse F. van Roi
2830 2678 3176 2854 F: von Babenhae
2878 2835 3116 2950 J. Boon
3617 2811 5079 2954 en van den fuselier G. de Wulff geen gevolg is
3295 2950 5091 3085 kunnen gegeven worden, vermits gebleken is, dat zij seder
2854 2935 3152 3147 De Minister van Nots
3366 3040 4598 3171 hunne bekomene worden overleden zijn
2921 3104 3162 3247 antwerk
3397 3135 5077 3264 Onze Kanselier der beide Orden, aan wien Ons
3331 3240 5110 3374 genwoordig besluit in afschrift zal worden gezonden.
2945 3278 3276 3419 W Lotsij
3336 3338 5134 3462 nevens Onze Ministers van Marine, van Koloniën
3221 3433 5125 3607 van Oorlog, voor zoo wel ieder aangaat, belast met de
2864 3476 3176 3626 Van Meur
3366 3579 5146 3693 tveering dezes, waarvan tot kennisneming ook een uittre
3245 3643 5101 3774 „sel zal worden gezonden aan de Algemeene Rekenkamer
