5439 4318
1666 779 2765 908 te verminderen tot op drie gul
1654 874 2787 1002 den de geldboete van tien gulden
1708 957 2799 1078 ƒ10:) waartoe Remke Homan
1679 1059 2703 1223 schipper, wonende te Leeuwarde
1682 1181 2720 1315 by vonnis van den kantonregter
1660 1260 2750 1421 te Alkmaar dd=o 14 Februarij 1859
1679 1374 2769 1507 ter zake van het met stoombevaren
1666 1454 2777 1605 van het Noordhollandsch kana
1679 1584 2779 1704 met meerdere snelheid dan by het
1673 1679 2727 1804 reglement is bepaald onder and
1666 1776 2735 1913 is veroordeeld; blyvende het von
1666 1899 2595 2041 nis overigens in zijn geheel
1684 1989 2722 2109 te verminderen tot op de helft de
1679 2094 2741 2216 geldboete van tien gulden ƒ10:
1660 2170 2722 2314 waartoe Ruth Hendk. Cali-
1673 2299 2670 2445 Tapper, wonende te Laren,
1673 2416 2703 2554 vonnis van den kantonregter te
1684 2526 2720 2657 Naarden dd 31 Maart 1859 te
1703 2621 2750 2774 Zake van het open houden Zyne.
1679 2741 2739 2896 tapperij na bezetten tijd, onder an
1666 2852 2746 3000 deren is veroordeeld; blyvende het
1673 2956 2703 3113 vonnis overigens in zyn geheel
1666 3073 2765 3206 te verminderen tot op zes Gulden
1690 3178 2746 3337 te zamen de twee geldboeten, als
1666 3300 2750 3428 eene van twaalf gulden (f 12:-) en
1665 3412 2733 3546 eene van vyf en twintig gulden
1679 3510 2733 3638 f 25:-) waartoe Maria Cornelis
3265 193 4149 304 Gai 24 A ld a 1830
4027 734 5053 919 Peters, wonende te's Graver
4010 861 5113 1018 hage, by vonnis van den kanton
4010 978 5097 1135 regter aldaar dd 17 Maart 1859
4029 1092 5077 1233 ter zake van overtreding van een
4029 1192 5066 1329 reglement op het voorkomen van
4010 1283 5148 1394 brand, onder anderen is veroordeelen
4002 1383 5278 1521 blyvende het vonnis overigens in zyn
4027 1478 4228 1605 geheelt
4040 1582 5040 1725 kwyt te schelden de geldboete van
4015 1679 5126 1836 tien gulden (f10: -) waartoe Adri
4010 1771 5077 1946 aan van Alphen, herbergier,
4010 1905 5061 2041 wonende te Alphen, by vonni
4004 2005 5096 2127 van den kantonregter aldaar, dd
4016 2078 5017 2260 15 Januarij 1859, ter zake van
4010 2220 5037 2356 overtreding der verordeningen
4015 2333 5148 2477 op den ijk der maten en gewigten,
4010 2437 5100 2576 onder anderen is veroordeeld; bly„
4010 2546 5100 2670 vende het vonnis overigens in zy
4029 2663 4232 2782 geheel
4016 2773 5126 2910 te verminderen tot op tien Gulde
4004 2890 5066 3027 tezamen de beide geldboeten elk
3999 2994 5089 3106 van tien gulden (f10:) waartoe
4008 3092 5053 3239 Abraham Sikkel, spekslager
4004 3217 5059 3352 wonende te Utrecht, by vonnig
3999 3322 5066 3461 van den kantonregter aldaar
3997 3453 5059 3576 dd 25 Maart 1859, ter zake van
