5591 4301
3135 188 4031 314 Dat 23 April 1859 No. 61
3092 348 3447 456 N.o „ 301
4275 386 5185 553 Sneek 17 April 1859.
3630 1154 5293 1328 Gezien het request tot gratie van
3611 1260 5363 1400 Menders van der Schaaf, zy tijer des
4695 1354 5279 1465 zuim, ten lin¬
3403 1369 4683 1455 baternaten te Roorderhuis
3415 1439 5315 1525 de kruijtschilding te erlangen van de
3403 1497 5315 1581 betaling der boeten en kosten, waar toe
3420 1567 5289 1678 hij by vonnis van het Kantongerigt te
3420 1641 5325 1740 Sneek dd 31 January jl is vervordeeld,
3408 1740 5325 1822 wegens veertreding van het reglement op
3408 1781 5349 1890 de botervaten in Frusland: - als mede
3415 1875 5315 1965 het hier by genoegd verklag van den Ambassade
3428 1931 5315 2015 tenaar belast met de waarneming der
3428 1999 4622 2078 functien van het O:M.
3510 2078 5293 2165 Ommijende dat Requestrant vervoor
3403 2165 5267 2259 deeld is, omdat er stipie hout in door
3415 2216 5310 2300 hem gemaakte botervaten is bevonden,
3415 2291 5267 2378 en het volgens verklaring van de kund
3428 2353 5327 2472 gen uiterst meerlyk is, om de stripsigheid
3415 2438 5322 2537 in het hout, altyd by de bewirking da
3408 2503 5276 2580 dilyk te bemerken, terwijl niet wel
3420 2573 5303 2674 vervondersteld kan worden, dat in dezes
3428 2643 5322 2752 opzettelyk ter kwader trouw is gehandeld
3541 2715 4463 2827 Vermene, wij 26. M,
4526 2715 5315 2834 rkundig te moeten
3444 2810 5313 2911 adviseren, dat het U.M. behagen mo„
4185 2940 5233 3049 om aan den Requesteur
4185 3015 5330 3128 Van een gedeelte der voe
4193 3092 5327 3176 te en kosten, kwytschel
4193 3162 5006 3271 ding te verleenen
3918 3254 5238 3394 De Kantonrigter te Sneek
4461 3401 5315 3572 RABReddingen
3278 3691 4229 3850 Majesteit den Konin
3056 3753 3266 3835 Eyne
