5491 4203
582 1361 1542 1559 De Minister van Justiz
856 1540 1406 1713 C H V Hoog
565 1718 982 1860 De Ministre
792 1862 1234 2063 Van W
1741 980 2736 1144 Onze Ministers van Justitie
1661 1109 2756 1242 en van Oorlog zyn ieder zoovee
1638 1213 2730 1341 hem betreft, belast met de uit
1651 1335 2073 1475 voering dezes
1626 1465 2672 1622 spraven tage den 8 me. 1889
1991 1698 2611 1876 Willim
3464 147 4698 323 Exk 8 Mei 1839 en 61
3902 311 4952 453 's Gravenhage, den 22 April 1859
4546 407 4813 511 6 Mei
2946 657 3442 841 O. N.o 29 B
2905 890 3869 1047 Commissoriaal van den 28
4081 873 5145 1040 consideratiën & advies van de
4081 1014 4684 1125 ondergeteekenden
2917 998 3574 1159 Februarij 1859 no. 75.
4122 1191 5148 1357 De Advocaat fiscaal by het
2917 1193 4026 1354 Request van Hendrikus Werri
2917 1302 3715 1461 edetineerd te's Hertoge
3710 1343 3926 1413 nbosch
4105 1303 5107 1462 Hoog Militair Geregtshof te
2886 1444 3972 1528 strekkende dat de zes maanden in
4104 1442 5142 1571 deze gehoord, geeft in substantie
2899 1531 3992 1666 litaire detentie, waarin, bij zijne
4099 1542 5166 1687 als zyn gevoelen te kennen dat b
2893 1628 3941 1787 Majesteits besluit van den 17'
4110 1645 5166 1775 aldien de veroordeelde een burger
2911 1744 3948 1885 anuarij 1859 no 95, de hem opg
4116 1749 5166 1876 persoon geweest ware, zynestra
2880 1859 3954 1984 legde tienjarige kruiwagenstraf
4105 1844 5108 1975 van detentie reeds zou zijn inged
2886 1957 3941 2096 is verwisseld, moge gerekend wo:
4099 1951 5173 2089 den 17.e November, dag van de uit-
2899 2055 3925 2187 den te zijn ingegaan op den 17
4099 2055 5192 2161 spraak van het vonnis, terwylni
2880 2151 3986 2285 November 1858, zijnde de dag waa
4093 2154 5173 2294 volgens de bij de militaire justitie
4105 2259 5142 2390 Sestaande gewoonte, die straf
2893 2275 3932 2390 op het tegen hem gewezen vonn
4093 2373 5148 2510 eerst een aanvang heeft genomen
2981 2386 3496 2508 repronuntieerd.
4099 2490 5148 2615 op den dag dat uwer Majesteiten
4067 2595 5148 2732 besluit is geexecuteerd en alzoo of
4087 2706 5148 2850 den 4e Februarij jl. en zal expir„
4081 2814 5117 2948 een op den 3e Augustus eerstko
4081 2931 5114 3047 „mende terwijl er, naar zyn in
4087 3026 5143 3153 ien, allezins termen bestaan
4069 3144 5078 3271 om de gunstige bepalingen
4075 3260 5114 3399 van het burgerlijk regt op den
4062 3373 5148 3517 suppliant toe te passen, ook op gri
3027 3563 3631 3703 Aan den Konig
