5481 4211
990 278 2695 503 toujours dans l’intérieur du tube cent
953 446 2674 586 d’en ensuite il peut être conduit, dans
930 524 2219 687 telle direction que l’on désire
1036 604 2661 788 Afin, de bien, définir les dispositions
965 701 2736 891 caractéristiques de ce système j'ai déja décrit
912 820 2720 937 dans la Demandée du Brevet principal
972 914 2704 1075 quelques unes des formes sous lesquelles
944 995 2773 1186 il peut être employé soit avec un petit apparée
953 1096 2762 1227 placé au fond d’une cuve on réservoir; soit
960 1231 2746 1376 librement immergé, dans le liquide à filtrer
953 1296 2624 1436 étant alors attelé à l'aspiration d'une
972 1397 2732 1544 Pompe; soit placé à Vase, clos, & recevant le
953 1482 2553 1654 liquide à Silkers, par des Tuyaux com„
965 1615 1130 1712 quam
1204 1569 2410 1748 avec un réservoir supérieur
1061 1686 2695 1843 De nouvelles expériences ayant indiqué
935 1769 2743 1955 la possibilité, de quelque perfectionnement.
963 1859 2702 2042 le présent mémoire à pour but d’en
976 1960 1872 2123 donner la description
1893 1997 2330 2141 on précie
1084 2123 2683 2330 Addition relative a des perfectionne
928 2263 2773 2424 „ments divers, dans la premiere disposition
965 2355 2594 2511 de l'appareil et de la matiere filtrante
1048 2497 2725 2702 choix & préparation. Le premier de ces
1013 2642 2706 2785 perfectionnements consiste à n'employer de
942 2723 2743 2870 préférence qu’une seule matière siltrante, de
935 2796 2706 2973 nature élastique 2 dès lors compressible à
942 2927 2732 3069 volonté; car on sait que les matières pulvé-
972 3010 2695 3150 rulentes ne le sont pas; la dite matiere
983 3109 2695 3239 formant dès lors une seule couche
940 3223 2720 3375 filtrant ; ce qui réduit l’appareil
990 3313 2426 3485 à sa plus grande simplicité
1091 3435 2746 3616 Parmi les divertez substances de règne
960 3589 2683 3768 au premier mémoire j’en ai choisi
965 3710 2667 3885 aux plus convenable que toutes
3662 191 4402 352 Désignation
3513 535 5183 717 les autres pour remplir l'objet voulu; c'est la Contisse
3506 682 5165 823 Laine, produite par le travail de la Condense, dans
3513 786 4227 935 ses fabriques d’apprèts
3697 880 5213 1066 Ainsi que cela a été dit, tout d'abord, ce produits
3517 1020 5206 1181 de matière animale, à besoin d’etre rendu incorruptible
3488 1137 5208 1312 et pour cela, d'être minéralisé; c'est-à-dire infecté d'u
3506 1289 5172 1415 substance minérale insoluble, propre à opérer cette
3513 1395 5160 1507 préservation, sans laisser la moindre trace de sa
3513 1498 4556 1666 présence dans le liquide clarifié
3692 1615 5192 1792 Les Contisses noires ou de couleurs très-foncées, qu
3494 1746 5172 1866 se trouvent dans le commerce, sont dans les conditions
3513 1868 5195 2040 desirables à cet égard, par suite des oxydes métallique
3494 1990 5185 2153 et sels minéraux qui ont servi de mordant, lors de
3483 2107 5165 2277 la teinture des étoffes dont elles proviennent. Néanme
3501 2231 5142 2401 comme elles ne se trouvent pas toujours en grande
3492 2341 5183 2518 abondance et qu'elles peuvent laisser a désirer, sou
3513 2461 5220 2617 plusieurs rapports, il est bon d’avoir une procedé spécie
3501 2569 5130 2755 pour rendre incorruptibles ses Contisses quelconques
3494 2702 5153 2824 c'est-à-dire celles de couleurs m'elées et de toute
3506 2826 3864 2957 provenance
3646 2945 5117 3111 Parmi toutes les substantes que l’on peut
3494 3074 5153 3242 employer, à cet effet, il en est deux qui sont particulière
3485 3191 5146 3368 convenables ce sont; se lannate deser et le Tannas
3494 3322 5165 3474 de cuivre. Ce dernier produit est celui qui donne le
3494 3439 4096 3552 meilleurs résultats
3685 3531 4747 3713 Voici la manière de l'appliquer
3678 3662 5142 3779 Les Contisses Brutes sont soumises, dans un
