5479 4130
1477 407 2578 543 Hebben goedgevonden en verstaan
1580 532 2565 684 Aan W. Craft en F. Wilson
1531 625 2583 760 in hun voormeld domicilium
1500 707 2565 835 te verleenen, zoo als hun verleend wordt
1508 799 2555 947 bij deze, een octrooi voor den tyd
1495 888 2516 1044 van tien jaren, op de invo
1518 980 2488 1124 ring in dit Rijk van de
1526 1073 2557 1203 hiervoren omschreven verbete
1531 1180 2529 1321 ringen in het waterdigt
1533 1252 2557 1405 maken van kleedingestuk
1531 1354 2266 1500 ken voor kinderen
1572 1690 2509 1879 Dit octrooi zal aan de
1490 1838 2619 1987 bezitters, of hun regt verkregen hebben
1500 1925 2266 2079 de, de bevoegdheid geven:
1490 2010 2555 2168 A. Om bij uitsluiting door het
1490 2107 2614 2260 geheele Rijk, gedurende den be„
1498 2196 2578 2337 paalden tijd, de geoctroijeerde
1495 2271 2632 2414 voorwerpen alleen te mogen vervaar
1492 2371 2644 2514 digen en verkoopen, of, met hunne toe„
1500 2465 2586 2604 stemming, te doen vervaardigen
1508 2586 1933 2670 en verkoopen.
1500 2611 2604 2770 B Om diegenen,, welke op het aan
1513 2716 2578 2839 hen verleende uitsluitend regt
1500 2798 2601 2929 inbreuk zouden mogen maken,
3804 356 4577 499 waartoe er termen zijn moaten
2734 561 3768 776 Patent granted in England
2755 689 3881 855 for 14 years from 14th Jany 1859
3284 965 4585 1180 Specification of the Invention
3256 1014 4836 1260 William Craft and Thomas Wilson
3254 1211 3840 1357 both of London
3256 1275 4477 1464 for a Patent for Holland,
3208 1487 4580 1669 Improvements in drawers and
3223 1595 4513 1754 napkins so as to render the same
3213 1723 3640 1887 water proof
2993 1900 5018 2112 The object of this snvention is the Manufacturing of drawers
2988 2033 5000 2222 and Napkins of a water proof material having elastic bandi-
2990 2135 4964 2337 or fastning at their upper and lower extremities obviatur
3005 2250 4173 2437 the nicissity of strengs or buttons
3036 2332 4905 2529 The ordinary cum bersome flannel “pilches” Children
2995 2442 4943 2621 "are dispinsed with by Manufacturing pelches' of a light
2988 2540 5043 2724 waterproof material sufficiently large to cover the Napkins
3005 2691 5002 2839 now in use and are to be fastned in the same manner
2998 2760 4938 2895 as the drawers above mentioned having a small builtle
3016 2872 5030 3021 or stop piece affixed to the Mr. Clastic hands and the two end
1500 2890 2624 3031 en regten te vervolgen, en tegen
1500 2985 2601 3105 dezelven te procederen, tot ver„
2990 2972 5015 3131 also connected thereto for the purpose of attiring the Sizes
1508 3059 2596 3203 beurdverklaring ten hunnen behoeve
3011 3090 4920 3236 according to the Sixe of the wears; eylet holis are also
1500 3154 2591 3300 van de vervaardigde en nog on„
3016 3192 4954 3331 ulaud in the upper part near the waistband for the
1500 3233 2601 3379 verkochte, en van den koopprijs
4032 3274 5087 3476 Jno W. Craft und F. Wilson
3016 3315 3963 3464 purpose of Venttlation.
1500 3328 2611 3469 der reeds verkochte gevetroijeerde
1500 3420 2598 3561 voorwerpen, alsmede tot alle zoo
4477 3418 4910 3681 F.T. de Has
1500 3500 2598 3656 danige vergoeding van schade.
1500 3597 2547 3740 winst derving of interessen, als
2350 3717 2580 3855 waar
