5481 4223
965 575 2722 763 den in's Konings of ’s Rijks dienst
1090 711 1422 814 zende
996 783 2747 965 De paarden en rijtuigen, uitsluiten
1007 878 2729 1055 gebruikt wordende voor de brievenpos
978 989 2672 1196 terij, wanneer in het rijtuig met
1114 1084 2687 1283 eer personen dan de conducteur
2126 1253 2317 1367 zijn
1101 1209 2110 1386 postillon aanwezig
1007 1301 2731 1483 De paarden bereden of geleid door
1024 1437 2727 1577 militairen in uniform zonder onder
989 1522 2722 1720 scheid van rang, alsmede die van de
996 1628 2698 1836 Koninklijke maréchaussée of van de
1011 1755 1742 1933 Rijksveldwacht
2075 1852 2529 1961 men voor
1024 1854 1952 2047 De paarden gesp:
1018 1948 2720 2108 en voertuigen behoorende aan den
998 2060 2725 2231 staat of aan de nationale legerkorf
1011 2161 2733 2319 sen, mits voorzien van het door het
998 2275 2758 2466 Departement van Oorlog vastgestelde
1000 2374 2650 2567 onderscheiding steeken; voorts de p
1000 2490 2681 2683 den, rij- en voertuigen van transp
987 2600 2690 2760 ten onder geleide van de personen
1000 2703 2766 2861 onder litt d vermeld, of voorzien van
1000 2793 2674 2951 eene verklaring van het hoofd van
989 2900 2751 3091 het gemeentebestuur waaruit blijkt
994 3025 2733 3150 dat de reis voor de dienst van het
985 3113 2632 3313 Departement van Oorlog geschiedt
1097 3249 2580 3435 De paarden gespannen voor
1079 3339 2720 3528 f voertuigen, dienende tot vervoer
1132 3475 2663 3587 n materialen voor den weg.
1014 3530 2725 3736 de wegen, waarvoor dit tarief geldt
1038 3683 1928 3815 mits de vervoerder
3543 465 5081 689 vrijbillet door den Hoofdin
3536 627 5083 772 reur van den Waterstaat af
3541 840 4763 1020 De Hoofdingenieur en
3381 946 5090 1106 beambten van den Waterstaat
3398 1049 5076 1228 in de provincie, wat de beamb
3385 1169 4638 1338 ten betreft, op vertoom
3374 1248 5070 1463 den tolgaarder of tolpachter van
3378 1373 5059 1566 een vrijbillet door den Hoofdinge
4078 1479 5030 1593 ven voor den weg
3387 1516 3857 1667 nieur af
3519 1615 5100 1748 aronder de tolboom is begrepen
3457 1696 5037 1882 waarvoor de vrijdom wordt ver-
3405 1816 3628 1955 lang
3532 1920 5028 2082 Deze vrijstelling komt evenwe
3394 2001 5074 2152 te vervallen, wanneer behalve de
3464 2128 4903 2288 oerman zich andere perso-
3405 2240 4666 2413 in het rijtuig bevinden
3370 2325 5127 2516 h. De paarden en ander vee, dat
3420 2446 5046 2617 van de stal naar de werde en
3394 2562 5039 2727 weder terug naar den stal, of
3398 2661 5103 2812 ook van de eene weide naar de
3387 2762 5111 2946 andere gebragt wordt, doch alleën
3460 2883 5081 3047 oor den tolboom, naast gelegen
3398 2986 5083 3168 by de woning des eigenaars, of bij
3374 3089 5085 3214 het land, waaruit de verweiding
3372 3216 3832 3354 geschiedt
4256 3315 4493 3457 gespo
3512 3317 4192 3490 De paarden
3370 3354 5083 3591 of voertuigen, gebezigd wordende tot
3361 3506 5096 3690 het vervoer van eigen geteelde voor
3363 3591 5103 3767 brengselen van veld-land en akker
4903 3764 5070 3876 bouw
