5403 4206
977 514 2671 676 ingaande met den eersten dog der maar
973 625 2708 794 volgende op die van zyne aankomst in
954 720 2705 871 Indië, met bepaling dat deze bevoldigen
984 859 2791 1003 na elk verloop van twee jaren zal worden
973 945 2666 1128 verhoogd met ƒ50.'s maands tot dat een
984 1065 2793 1184 marimum van ƒ 500.'smaands zal zyn be
973 1163 2701 1279 reikt, - behoudens het geval dat hy door
982 1262 2777 1464 vroegere rangs bevordering eene tractement
991 1374 1876 1513 verhooging erlangt
1026 1478 2756 1668 vrye woning in Indië, of, in afwach
994 1589 2708 1772 ting dat deze hem kan worden aange
1003 1698 2798 1834 zen, eene billyke indemniteit voor huis
1008 1807 2622 1990 huur, ter bepaling van den Gouve
964 1934 1380 2089 Generaal
878 2020 2724 2212 f. vergoeding voor reis- en verblyfkorten
973 2129 2724 2270 by dienstreizen in Indie, overeenkom
936 2235 2731 2376 stig de aldaar bestaande bepalingen,
1015 2339 2819 2474 zullende de benoemde worden beschouwen
966 2453 2800 2629 als burgerlyk ambtenaar in Nederlandsche
973 2562 2796 2752 In die voor zoo ver de toepasting betreft
984 2682 2826 2870 van de aldaar bestaande bepalingen om
984 2789 2645 2976 trent de pensioenen voor burgerlyk
989 2912 2773 3032 Ambtenaren, hunne weduwen- en wee
984 3011 2314 3136 en die omtrent de verloven
1068 3115 2641 3315 en zich schriftelyk verbinden, on
977 3238 2840 3430 het Gouvernement van Nederlandsch. In
973 3352 2807 3477 die minstens gedurende zes achtereen
984 3467 2773 3643 volgende jaren, met den meesten ijver
973 3574 2302 3708 en naauwgezetheid te dienen
2610 3687 2789 3813 Ons
3488 435 5073 574 Onze Minister van Kolonien is be-
3379 574 5107 755 last met de uitvoering van dit beeling
3518 704 4975 931 s'Jraventage, den 7 Mei 1889
2879 862 3873 1026 De Minister van staat
3034 1005 3208 1144 Min.
3277 1010 4033 1165 ter van Kolomen,
4304 991 4813 1179 Willen
3405 1130 3755 1316 Uitseurf
