5481 4211
1074 538 1777 662 quelques inconvenienti
1228 612 2719 766 Mais ils ne sont millement a redouter, attendu
1044 725 2734 914 que la complète insolubilité des Tannates de cuivre en
1059 879 2719 1016 de fer, les rend entièrement sans action sur l’eau, et
1037 981 2767 1137 autres liquides usuels; ce qui d'ailleurs a été complètement
1044 1111 2767 1274 démontré, par des expériences prolongées durant plusieurs
1044 1241 2756 1406 mois, et sur des appareils fournissant des eaux potables
1048 1358 2027 1510 dont on usait journellement,
1215 1456 2767 1636 C’est dans cet état que la matière filtrante doit
1031 1591 2650 1745 être introduite dans le Filtre, en observant sa
1031 1719 2710 1888 précaution essentielle d’une compression énergique, com
1031 1842 1690 1964 il est dit plus loin.
1269 1944 2660 2107 Compression de la matiere Filtrante
1235 2081 2702 2224 Ainsi que cela a été indiqué dans la demande
1048 2187 2673 2363 principale, une compression énergique est une des
1024 2300 2695 2469 conditions caractéristiques de ce système de Filtre, il
1031 2430 2710 2552 est donc nécessaire de donner ici quelques détails sur
1031 2545 1831 2704 la manière de l'obtenir.
1215 2656 2739 2830 La méthode adoptée consiste a avoir une Presse
1024 2784 2704 2934 indépendante du Filtre, de sorte qu'à l'aide d'une
1024 2912 2732 3077 seule de ces presses on peut fabriquer autant d'appareils
1024 3049 2708 3196 qu'on le désire; ceux-ci jouissant alors des avantage
1048 3168 2667 3311 de la compression, tout en conservant leur simplicite
1037 3264 2708 3455 de forme, et leur faible poids, ce qui est un de leur
1048 3411 1729 3561 principaux avantages.
1191 3505 2697 3672 Il est inutile de décrire ici ces Piesses, qui n'ont
1024 3624 2684 3784 rien de particulier, dans leurs dispositions. Pouv les
3674 187 4377 349 Désignation
3520 519 5217 701 Filtres de petite et moyenne dimension la Presse à-vis
3520 677 5221 775 pressant de haut en bas, est la plus commode; Pou
3513 762 5195 927 les Ziltres les plus grands, ayant environ 2.m00 de
3507 885 5208 1050 longueur, la Presse hydraulique, pressant des bas et
3507 1011 5215 1170 haut, est préférable. Enfin on pourrait aussi, selon
3511 1128 5193 1254 les cas se servir de la Presse-à-Sévier, ou de tout ant
3520 1261 5201 1426 système, pourvu que l’on parvienne à produize facilem
3498 1404 5219 1541 la compression nécessaire dans ce système de Filtres
3507 1489 5236 1667 laquelle est d’environ 5 Kilog. par centimètre carré; soit
3541 1608 4056 1779 5 atmosphères
3722 1738 5243 1910 Quant à l'entourage extérieur des cylindres, ayant
3518 1853 5260 2031 pour but de leur procurer, en sus de la pression longitu
3507 1999 5217 2124 dinale, donnée par la presse, une pression transversa
3507 2109 5197 2263 il devient moins utile, quand, au lieu d’employer un
3494 2203 5191 2374 simple toile métallique, on emploie la Tôle (incrydabé
3507 2335 4485 2485 perforée ou le caoutchone durci.
3687 2443 5217 2619 C'est ce que représente les Fig. 1743, qui montrent „
3511 2563 5171 2743 disposition normale des deux cylindres concentriques
3520 2699 5136 2856 sans entourage, néanmoins celui-ci, étant utile
3513 2812 5180 2975 dans quelques cas, doit être maintenu en principé
3687 2958 5178 3099 Divers mode d’application — ainsi qu’on
3500 3055 5154 3227 l'a dit, dans sa demande du Brevet principal
3520 3168 5156 3348 l'appareil dont il s'agit à deux modes principaux
3513 3303 5154 3457 d'emploi; car il s'applique: 1o. étant complètement
3496 3422 5173 3594 immergé, dans le liquide à Filtres; 2.° étant plac
3505 3541 5132 3696 dans une cuve fermée, qui reçoit la pression d’un
3507 3654 5132 3784 réservoir extérieur. Chacun de ces deux modes se
