5507 4301
3027 318 3633 450 Een 19 April 1859
3694 1015 4401 1184 Aan den kon
3342 1321 5152 1470 De Santonregter te Ridderkerk heeft de eer
3371 1398 5046 1557 op het ten fine van schriftelyk berig
3366 1463 5116 1607 consideratien en advies in zyne handen
3357 1540 5176 1692 gesteld request van Cornelis Bakker, wo.
3354 1605 5164 1740 nende te Ridderkerk, houdende verzoek
3374 1672 5169 1814 om kwytschelding der boete en kosten
3374 1725 5164 1882 waartoe hy by vonnis van het kan
3378 1824 5096 1983 tongeregt te Ridderkerk is veroor„
3383 1879 5188 2043 deeld, ter kennisse Uwer Majesteit te brengen
3383 1966 5181 2108 dat de requestiant, by vonnis van dit
3381 2028 5072 2178 kan longeregt dd 5 January 1859, is
3388 2079 5166 2269 schuldig verklaard aan het houden
3383 2168 5164 2348 eener verloting van goederen of waren
3388 2247 5176 2416 beneden de haarde van honderd gulden
3381 2329 5133 2466 in zyne woning te Ridderkerk, zonder
3390 2380 5178 2563 schriftelyke toestemming daartoe van den
3390 2488 5176 2623 Burgemeester dier gemeente te hebben
3383 2565 5181 2693 verkregen en dien ten gevolge is veroor„
3381 2616 5178 2758 deeld in eene geldboete van vyf gul„
3371 2709 5188 2851 den, ten voordeele der gemeente Ridder„
3381 2748 5178 2897 kerk en in de kosten van het regtsgeding,
3388 2861 5198 2962 dat voornoemde kantoniegter, op de grond
3398 2928 5190 3027 vermeld in het schriftelyk verslag van
3390 2974 5181 3090 het openbaar Ministerie by dit kanton
3383 3034 5315 3176 gerigt, het welk hy de eer heeft met voor„
3386 3097 5164 3248 meld request in de gewone tabelle
3381 3179 5149 3299 hiernevens te voegen vermeent Uwer
3402 3256 5128 3405 Majesteit in overweging te moeten
3402 3325 5217 3463 geven de, aan den requestiant by boven
3378 3405 5270 3561 genoemd tonnis opgelegde geldboete van
3381 3504 5145 3645 vyf gulden te verminderen tot op eene
3390 3564 5205 3713 gulden, en overigens het vonnis te laten in
3383 3686 3848 3821 zyn geheel.
3990 3734 5217 3879 De kantonregter te Ridderkerk
3325 3787 3814 3929 „ 16 April 1889
2794 3807 3157 3944 Rhoor
4071 3840 4899 3985 H W Fangman
