5381 4301
2915 3567 3143 3721 Aan
2800 3682 3883 3867 den Heer Kantonregter in
2985 3833 3348 3946 kanton
3080 3948 3332 4138 Assen
3800 654 4964 835 Verslag van den Ambtenaa
3811 805 4998 966 van het Openb. Min. by het Kan
3815 918 5002 1076 ton geregt te Assen omtrent een
3820 1006 5022 1178 aan Z. M. gepresenteerd rekwert
3818 1115 4975 1273 om gratie door N.J. Dykstra
3818 1236 4136 1370 te Gelde
3294 1568 5113 1778 By vonnis van het Kanton geregt te kesen,
3319 1712 4968 1864 van 8 October 1858, is Nahan Jozeph
3305 1816 4966 2010 Dijkstra zonder beroep te Gelde, wegens
3308 1931 5095 2112 het zich gevestigd hebben in de gemeente Gelde
3326 2044 4975 2222 zonder tydige (binnen 14 dagen) overlegging
3326 2200 4989 2317 ter Secretarie dier gemeente van het getuig
3321 2261 5018 2425 Schrift bedoeld by Kon. Besluit van 22 Dec 1849
3332 2389 5000 2520 (Stbl z=o 64) (voor verandering van woonplaats
3326 2450 5009 2644 vereischt). vervordeeld, in eene geldboete van
3332 2577 5004 2741 drie gulden en eene subsidiaire gevang
3323 2687 5020 2863 nis straf van een dag en zulks by verstek,
3542 2807 5007 2987 Van die opgelegde boete en Subsidia
3337 2931 5007 3127 gerangenisstraf verzoekt rekrestrant by het
3330 3048 4995 3242 in gediend verzoek gratie, op grond van zyn
3339 3163 4989 3299 onbekendheid met de overtredene verordening
3337 3260 5007 3448 zyn onvermogen en zijnen hoogen ouderdom
3330 3389 4285 3587 van twee en tachtig j
