5491 4203
1043 820 2711 934 dat de toestand van zyn huisgezin zyne spoedi
1056 893 2749 1035 terugkomst in hetzelve en alzoo zyn ontslag uit de
1097 992 2317 1132 evangenis hoogstwenschelijk maakt
1254 1086 2790 1241 Gezegde Advocaat fiscaal meent dan ook uit
1063 1196 2782 1345 overweging van het aangevoerde, te mogen voorstellen
1056 1293 2747 1459 aan den suppliant kwijtschelding te verleenen van
1073 1407 2777 1560 den nog onvervulden tyd der aan hem bij Uwer Majo
1073 1510 2760 1672 tut opgemeld besluit opgelegde zes maanden detentie,
1069 1652 2698 1773 waar tegen bij de ondergeteekenden hoegenaamd
1073 1725 1964 1854 geene bedenkingen bestaan
1170 1809 2723 1971 De ondergeteekenden hebben mitsdien de eer een in
1069 1917 2794 2076 dien zin opgemaakt ontwerp van besluit hierbij aan Uwe
1063 2018 2495 2177 Majesteit ter bekrachtiging aan te bieden
1153 2117 2711 2287 Wat overigens betreft de beschouwingen en voor
1061 2222 2754 2384 stellen van den Advocaat fiscaal met opzigt tot het be
1063 2345 2771 2491 staande verschil in de burgerlijke en militaire wetgevin
1073 2450 2728 2584 ten aanzien van het ingaan der straffen, achtende on
1069 2560 2777 2704 dergeteekenden het oogenblik nog niet gekomen om daar
1069 2670 1863 2848 aan als nog gevolg te geven
1719 2749 2609 2924 De Minister van Justitie,
1958 2896 2495 3059 C H B Root.
1682 3061 2575 3216 De Minister van Oorlo
1923 3266 2362 3459 Den W
