5481 4301
2900 247 3627 396 Aan 19 April 1859 No.
3879 319 4945 472 Brielle den 14en April 1859
3217 1006 5130 1142 Op het aan UwE Majesteit ingediende verzoekschrift
3175 1105 4992 1261 door klaas van Mastrigt winkelies wonende te
3157 1234 5113 1348 Jwartewaal strekkende tot bekoming van kwijtschel
3157 1335 5091 1429 ding eener geldboete van Tien gulden, waartoe hij bij
3150 1402 5054 1511 vonnis van dit kantongeregt dd 2 Februarij g.l. is
3147 1488 5133 1627 veroordeeld ter zake van het in zynen winkel voorhanden
3140 1587 5101 1770 hebben van twee stukken yzeren gevrigt van tweeden
3147 1699 5130 1800 een Nederlandsche ponden onvoorgien van het vereischte
3162 1768 5004 1929 ijkmerk — in onje handen gesteld ten fine van
3128 1872 5118 2008 consideratiën en advijs — hebben wij de eer Uwe Majes.„
3128 1976 3822 2119 teit te berigten:
3306 2023 5012 2166 Dat de Adressant ter teregtjetting even als
3175 2158 4957 2299 in zijn verjaekschrift tot jijne verdediging heeft
3152 2248 4945 2393 aangevoerd, dat hij al zijne gewigten ter keryk
3152 2349 4982 2487 aan den ijker heeft gezonden, en alzoo dezen van
3150 2438 4364 2601 nalatigheid heeft beschuldigd.
3276 2497 5024 2646 Dat het aannemelijk is, dat kleine stukken
3162 2636 5004 2752 aan de attentie van den ijker kunnen ontgaan
3152 2700 5019 2858 doch dit moeijelyk denkbaar is, dat julks het
3152 2794 5014 2960 gevel kan zijn met strekken als de in deje be
3150 2935 3543 3066 doelden.-
3338 2937 5101 3125 Redenen waarden wij meenen UwE Majestes
3157 3076 5064 3207 in consideratie te moeten gesen, dat het Hoogst
3145 3182 5032 3318 dezelve behage afwijzend op het verzoek te be„
3157 3303 3607 3419 schikken.-
3963 3427 5101 3546 De kantonregtes te Brielle
3009 3464 3241 3610 Aan
4270 3558 4708 3699 W:Jongesen.
2878 3632 3395 3766 Den 1 Koning
