<?xml version="1.0" encoding="UTF-8" standalone="yes"?>
<PcGts xmlns="http://schema.primaresearch.org/PAGE/gts/pagecontent/2013-07-15" xmlns:xsi="http://www.w3.org/2001/XMLSchema-instance" xsi:schemaLocation="http://schema.primaresearch.org/PAGE/gts/pagecontent/2013-07-15 http://schema.primaresearch.org/PAGE/gts/pagecontent/2013-07-15/pagecontent.xsd">
    <Metadata>
        <Creator>prov=READ-COOP:name=TrHtr:version=2.3.0:model_id=51170:date=05_10_2023_20:42</Creator>
        <Created>2023-10-05T08:02:43.761+02:00</Created>
        <LastChange>2023-10-05T20:42:46.600+02:00</LastChange>
        <TranskribusMetadata docId="1601069" pageId="60386457" pageNr="55" tsid="136530615" status="IN_PROGRESS" userId="122145" imgUrl="https://files.transkribus.eu/Get?id=FXVSHXBZXWIWJGVBHYJQOWNL&amp;fileType=view" xmlUrl="https://files.transkribus.eu/Get?id=LWVDVJEOUNLVETSMMLDOSBWG" imageId="48768582"/>
    </Metadata>
    <Page imageFilename="nl_zh_ha_na-2_02_04-1190_55.jpg" imageWidth="5403" imageHeight="4197">
        <ReadingOrder>
            <OrderedGroup id="ro_1696622896128" caption="Regions reading order">
                <RegionRefIndexed index="0" regionRef="tr_1"/>
                <RegionRefIndexed index="1" regionRef="tr_2"/>
                <RegionRefIndexed index="2" regionRef="tr_3"/>
            </OrderedGroup>
        </ReadingOrder>
        <TextRegion id="tr_1" custom="readingOrder {index:0;}">
            <Coords points="877,648 2782,648 2782,2099 877,2099"/>
            <TextLine id="tr_1_tl_1" custom="readingOrder {index:0;}">
                <Coords points="865,720 893,713 968,734 993,715 1033,725 1057,713 1134,741 1164,715 1272,729 1272,591 1201,610 1176,598 1103,650 1073,654 991,619 926,647 865,631"/>
                <Baseline points="877,698 967,704 1056,704 1146,704 1235,698 1277,704"/>
                <TextEquiv>
                    <Unicode>dus hier</Unicode>
                </TextEquiv>
            </TextLine>
            <TextLine id="tr_1_tl_2" custom="readingOrder {index:1;}">
                <Coords points="1992,722 2024,741 2085,720 2169,739 2216,713 2258,739 2286,720 2330,736 2368,711 2534,753 2560,748 2562,636 2506,624 2396,678 2300,676 2169,624 2108,659 1992,676"/>
                <Baseline points="2005,710 2029,710 2119,704 2208,704 2298,698 2388,698 2477,698 2567,704"/>
                <TextEquiv>
                    <Unicode>in de onderv.</Unicode>
                </TextEquiv>
            </TextLine>
            <TextLine id="tr_1_tl_3" custom="readingOrder {index:2;}">
                <Coords points="888,851 2302,820 2501,884 2751,867 2751,785 2534,757 888,781"/>
                <Baseline points="901,811 991,811 1080,805 1170,811 1259,805 1349,811 1438,811 1528,811 1617,811 1707,805 1797,811 1886,811 1976,811 2065,811 2155,811 2244,811 2334,805 2423,811 2513,811 2602,817 2692,817 2758,823"/>
                <TextEquiv>
                    <Unicode>moest leeren de al dan met nuttig- en</Unicode>
                </TextEquiv>
            </TextLine>
            <TextLine id="tr_1_tl_4" custom="readingOrder {index:3;}">
                <Coords points="888,940 1253,933 1353,984 1508,928 2041,935 2141,996 2314,933 2716,944 2714,895 2553,863 1840,900 1456,837 1377,891 1288,844 1166,900 886,888"/>
                <Baseline points="901,919 991,913 1080,919 1170,919 1259,919 1349,913 1438,919 1528,919 1617,919 1707,919 1797,919 1886,919 1976,919 2065,913 2155,919 2244,919 2334,919 2423,919 2513,919 2602,919 2692,919 2722,919"/>
                <TextEquiv>
                    <Unicode>doelmatigheid dier instellingen, als ook</Unicode>
                </TextEquiv>
            </TextLine>
            <TextLine id="tr_1_tl_5" custom="readingOrder {index:4;}">
                <Coords points="888,1040 2359,1050 2359,944 2162,998 1580,968 1543,1005 888,949"/>
                <Baseline points="901,1020 991,1020 1080,1020 1170,1020 1259,1020 1349,1020 1438,1026 1528,1026 1617,1026 1707,1026 1797,1026 1886,1026 1976,1026 2065,1020 2155,1026 2244,1026 2334,1026 2364,1026"/>
                <TextEquiv>
                    <Unicode>de al dan niet noodzabelijkheid</Unicode>
                </TextEquiv>
            </TextLine>
            <TextLine id="tr_1_tl_6" custom="readingOrder {index:5;}">
                <Coords points="1019,1155 1145,1178 1580,1136 1784,1211 1879,1152 2221,1152 2221,1080 2162,1047 2029,1040 1854,1108 1744,1040 1627,1043 1468,1113 1365,1057 1267,1115 1019,1047"/>
                <Baseline points="1032,1134 1062,1134 1152,1134 1241,1134 1331,1134 1420,1128 1510,1134 1599,1128 1689,1134 1779,1134 1868,1134 1958,1134 2047,1134 2137,1134 2226,1128"/>
                <TextEquiv>
                    <Unicode>ingen van het reglement</Unicode>
                </TextEquiv>
            </TextLine>
            <TextLine id="tr_1_tl_7" custom="readingOrder {index:6;}">
                <Coords points="984,1244 1241,1323 1398,1248 1844,1293 2740,1262 2740,1194 2646,1159 2592,1206 2494,1164 2323,1201 2172,1148 1786,1225 1702,1155 1337,1216 1082,1148 984,1199"/>
                <Baseline points="997,1229 1086,1229 1176,1229 1265,1235 1355,1235 1444,1241 1534,1241 1623,1241 1713,1241 1802,1241 1892,1235 1982,1241 2071,1235 2161,1235 2250,1235 2340,1235 2429,1235 2519,1235 2608,1241 2698,1241 2746,1247"/>
                <TextEquiv>
                    <Unicode>Het reglement is op 1,e February 1856 in</Unicode>
                </TextEquiv>
            </TextLine>
            <TextLine id="tr_1_tl_8" custom="readingOrder {index:7;}">
                <Coords points="949,1365 1330,1433 1561,1428 1692,1360 2613,1360 2536,1307 2237,1328 2052,1267 1760,1335 1557,1255 1365,1330 949,1325"/>
                <Baseline points="961,1349 1050,1355 1140,1355 1229,1355 1319,1361 1408,1355 1498,1355 1588,1355 1677,1349 1767,1349 1856,1349 1946,1349 2035,1343 2125,1343 2214,1343 2304,1343 2394,1343 2483,1343 2573,1343 2620,1349"/>
                <TextEquiv>
                    <Unicode>verking gebragt, en sedert is volgens d</Unicode>
                </TextEquiv>
            </TextLine>
            <TextLine id="tr_1_tl_9" custom="readingOrder {index:8;}">
                <Coords points="907,1463 1608,1468 1727,1533 1940,1454 2709,1475 2728,1370 2522,1412 2298,1351 2073,1428 1262,1431 1129,1370 907,1410"/>
                <Baseline points="919,1450 1008,1450 1098,1450 1188,1450 1277,1450 1367,1450 1456,1450 1546,1450 1635,1450 1725,1450 1814,1444 1904,1444 1994,1444 2083,1444 2173,1438 2262,1438 2352,1438 2441,1438 2531,1438 2620,1438 2710,1444 2734,1450"/>
                <TextEquiv>
                    <Unicode>inhoud van nevensgaande stukken, het</Unicode>
                </TextEquiv>
            </TextLine>
            <TextLine id="tr_1_tl_10" custom="readingOrder {index:9;}">
                <Coords points="895,1571 1688,1573 1861,1639 2052,1559 2384,1613 2672,1571 2693,1510 2391,1454 2244,1515 1592,1538 1040,1463 895,1524"/>
                <Baseline points="907,1552 997,1552 1086,1552 1176,1552 1265,1558 1355,1558 1444,1558 1534,1552 1623,1558 1713,1558 1802,1558 1892,1552 1982,1552 2071,1552 2161,1552 2250,1552 2340,1546 2429,1546 2519,1546 2608,1546 2698,1552"/>
                <TextEquiv>
                    <Unicode>doeltreffende en nuttige der hulpkanto</Unicode>
                </TextEquiv>
            </TextLine>
            <TextLine id="tr_1_tl_11" custom="readingOrder {index:10;}">
                <Coords points="923,1695 1720,1671 1823,1739 1926,1676 2637,1681 2662,1585 2092,1643 1692,1573 1463,1632 923,1625"/>
                <Baseline points="937,1653 1026,1659 1116,1659 1205,1659 1295,1659 1385,1659 1474,1659 1564,1659 1653,1659 1743,1659 1832,1659 1922,1659 2011,1659 2101,1659 2191,1653 2280,1653 2370,1653 2459,1653 2549,1653 2638,1659 2668,1659"/>
                <TextEquiv>
                    <Unicode>ren, zoo in het belang en voordeel der</Unicode>
                </TextEquiv>
            </TextLine>
            <TextLine id="tr_1_tl_12" custom="readingOrder {index:11;}">
                <Coords points="912,1793 1945,1776 2216,1851 2758,1788 2758,1730 2223,1741 2134,1681 1730,1751 1606,1695 1524,1746 912,1704"/>
                <Baseline points="925,1773 973,1767 1062,1767 1152,1767 1241,1767 1331,1767 1420,1767 1510,1773 1599,1773 1689,1773 1779,1773 1868,1773 1958,1767 2047,1773 2137,1773 2226,1773 2316,1767 2405,1767 2495,1767 2585,1767 2674,1773 2764,1767"/>
                <TextEquiv>
                    <Unicode>bank zelve, als in dat der pandgevers geblo</Unicode>
                </TextEquiv>
            </TextLine>
            <TextLine id="tr_1_tl_13" custom="readingOrder {index:12;}">
                <Coords points="900,1896 1267,1956 1353,1886 2122,1886 2309,1956 2443,1893 2761,1907 2779,1798 1849,1856 1311,1849 1197,1781 900,1851"/>
                <Baseline points="913,1874 1002,1874 1092,1874 1182,1874 1271,1874 1361,1874 1450,1874 1540,1874 1629,1874 1719,1874 1808,1874 1898,1874 1988,1874 2077,1874 2167,1874 2256,1874 2346,1874 2435,1874 2525,1874 2614,1874 2704,1874 2782,1880"/>
                <TextEquiv>
                    <Unicode>ken, terwijl de ondervinding nog niet heeft</Unicode>
                </TextEquiv>
            </TextLine>
            <TextLine id="tr_1_tl_14" custom="readingOrder {index:13;}">
                <Coords points="912,1999 2333,2059 2501,1994 2719,2017 2747,1877 2574,1952 2312,1956 2179,1889 1898,1959 912,1952"/>
                <Baseline points="925,1976 1014,1976 1104,1976 1194,1976 1283,1976 1373,1976 1462,1976 1552,1976 1641,1976 1731,1976 1820,1982 1910,1976 1999,1976 2089,1976 2179,1976 2268,1976 2358,1976 2447,1970 2537,1976 2626,1970 2716,1976 2752,1976"/>
                <TextEquiv>
                    <Unicode>doen zien, dat eenige wijziging van het</Unicode>
                </TextEquiv>
            </TextLine>
            <TextLine id="tr_1_tl_15" custom="readingOrder {index:14;}">
                <Coords points="935,2162 1073,2099 1505,2104 1592,2169 1753,2101 1809,2139 1987,2097 2412,2111 2452,2041 1566,2062 1419,2006 1120,2006 935,2050"/>
                <Baseline points="949,2083 1026,2089 1116,2089 1205,2089 1295,2089 1385,2089 1474,2089 1564,2089 1653,2089 1743,2089 1832,2089 1922,2089 2011,2083 2101,2083 2191,2083 2280,2083 2370,2083 2459,2077"/>
                <TextEquiv>
                    <Unicode>reglement noodig of raadzaam is</Unicode>
                </TextEquiv>
            </TextLine>
            <TextEquiv>
                <Unicode>













</Unicode>
            </TextEquiv>
        </TextRegion>
        <TextRegion id="tr_2" custom="readingOrder {index:1;}">
            <Coords points="925,2141 2758,2141 2758,3275 925,3275"/>
            <TextLine id="tr_2_tl_1" custom="readingOrder {index:0;}">
                <Coords points="1007,2260 1155,2207 2043,2281 2321,2272 2440,2209 2536,2260 2613,2237 2613,2113 1938,2104 1590,2181 1459,2104 1007,2132"/>
                <Baseline points="1020,2197 1098,2197 1188,2197 1277,2197 1367,2197 1456,2197 1546,2197 1635,2202 1725,2202 1814,2202 1904,2197 1994,2197 2083,2191 2173,2191 2262,2191 2352,2191 2441,2191 2531,2191 2620,2191"/>
                <TextEquiv>
                    <Unicode>Er bestaat, dien ten gevolge, bij mij g</Unicode>
                </TextEquiv>
            </TextLine>
            <TextLine id="tr_2_tl_2" custom="readingOrder {index:1;}">
                <Coords points="923,2326 1003,2363 1316,2312 1433,2382 1611,2312 2013,2309 2176,2384 2307,2307 2513,2321 2539,2260 1498,2239 1358,2277 926,2216"/>
                <Baseline points="937,2298 1026,2298 1116,2304 1205,2298 1295,2304 1385,2304 1474,2298 1564,2304 1653,2304 1743,2298 1832,2298 1922,2298 2011,2298 2101,2298 2191,2298 2280,2298 2370,2298 2459,2292 2543,2298"/>
                <TextEquiv>
                    <Unicode>bedenking tegen eene nadere goedken</Unicode>
                </TextEquiv>
            </TextLine>
            <TextLine id="tr_2_tl_3" custom="readingOrder {index:2;}">
                <Coords points="1031,2424 2679,2459 2728,2445 2728,2274 2560,2368 2165,2384 1947,2312 1639,2380 1522,2340 1405,2384 1316,2312 1031,2366"/>
                <Baseline points="1044,2405 1134,2405 1223,2405 1313,2405 1402,2405 1492,2405 1582,2405 1671,2405 1761,2399 1850,2405 1940,2405 2029,2405 2119,2405 2208,2405 2298,2405 2388,2405 2477,2405 2567,2405 2656,2405 2734,2405"/>
                <TextEquiv>
                    <Unicode>n het reglement. Het komt mij echter</Unicode>
                </TextEquiv>
            </TextLine>
            <TextLine id="tr_2_tl_4" custom="readingOrder {index:3;}">
                <Coords points="942,2527 2017,2524 2211,2588 2293,2534 2726,2534 2728,2445 2609,2492 1961,2431 942,2480"/>
                <Baseline points="955,2513 1044,2513 1134,2507 1223,2513 1313,2513 1402,2507 1492,2507 1582,2513 1671,2507 1761,2507 1850,2513 1940,2507 2029,2513 2119,2507 2208,2513 2298,2513 2388,2507 2477,2507 2567,2507 2656,2507 2734,2513"/>
                <TextEquiv>
                    <Unicode>voor, dat die even als ten opzigte van de</Unicode>
                </TextEquiv>
            </TextLine>
            <TextLine id="tr_2_tl_5" custom="readingOrder {index:4;}">
                <Coords points="923,2646 1559,2634 1718,2704 1849,2641 1959,2700 2221,2637 2361,2702 2700,2700 2740,2543 2562,2592 2295,2543 2036,2604 923,2585"/>
                <Baseline points="937,2620 1026,2626 1116,2620 1205,2620 1295,2620 1385,2620 1474,2620 1564,2626 1653,2626 1743,2620 1832,2620 1922,2620 2011,2620 2101,2620 2191,2620 2280,2620 2370,2620 2459,2620 2549,2614 2638,2620 2728,2620 2746,2620"/>
                <TextEquiv>
                    <Unicode>rentestandaard, in gemelde bank geheven</Unicode>
                </TextEquiv>
            </TextLine>
            <TextLine id="tr_2_tl_6" custom="readingOrder {index:5;}">
                <Coords points="923,2749 1482,2742 1557,2803 1741,2754 1919,2812 2015,2751 2751,2758 2688,2695 2319,2702 2202,2639 1879,2712 1554,2637 1405,2697 923,2679"/>
                <Baseline points="937,2728 1026,2728 1116,2728 1205,2728 1295,2728 1385,2728 1474,2728 1564,2728 1653,2728 1743,2734 1832,2734 1922,2734 2011,2734 2101,2728 2191,2728 2280,2734 2370,2728 2459,2728 2549,2728 2638,2728 2728,2734 2758,2734"/>
                <TextEquiv>
                    <Unicode>wordende, heeft plaats gehad, zou kunnen</Unicode>
                </TextEquiv>
            </TextLine>
            <TextLine id="tr_2_tl_7" custom="readingOrder {index:6;}">
                <Coords points="935,2852 1966,2840 2326,2908 2501,2847 2751,2861 2751,2761 2522,2814 1919,2814 1865,2763 1727,2812 1237,2756 935,2796"/>
                <Baseline points="949,2829 1038,2829 1128,2829 1217,2829 1307,2829 1397,2835 1486,2835 1576,2835 1665,2835 1755,2835 1844,2829 1934,2829 2023,2829 2113,2829 2202,2835 2292,2835 2382,2835 2471,2835 2561,2835 2650,2835 2740,2841 2758,2847"/>
                <TextEquiv>
                    <Unicode>worden verleend tot weder opzeggen toe„</Unicode>
                </TextEquiv>
            </TextLine>
            <TextLine id="tr_2_tl_8" custom="readingOrder {index:7;}">
                <Coords points="1033,2966 2726,2983 2704,2875 2244,2922 2027,2866 1697,2920 1606,2863 1031,2863"/>
                <Baseline points="1044,2937 1134,2937 1223,2943 1313,2943 1402,2943 1492,2943 1582,2943 1671,2949 1761,2943 1850,2943 1940,2943 2029,2937 2119,2943 2208,2943 2298,2943 2388,2937 2477,2943 2567,2943 2656,2943 2728,2943"/>
                <TextEquiv>
                    <Unicode>Ik heb derhalve de eer, Uwe Majesteit</Unicode>
                </TextEquiv>
            </TextLine>
            <TextLine id="tr_2_tl_9" custom="readingOrder {index:8;}">
                <Coords points="949,3069 1171,3137 1288,3071 2735,3093 2735,2980 2401,3041 2034,2983 1833,3039 1529,3022 1391,2966 949,3018"/>
                <Baseline points="961,3050 1050,3050 1140,3050 1229,3050 1319,3050 1408,3050 1498,3056 1588,3056 1677,3056 1767,3056 1856,3056 1946,3056 2035,3056 2125,3050 2214,3050 2304,3050 2394,3056 2483,3056 2573,3056 2662,3056 2740,3056"/>
                <TextEquiv>
                    <Unicode>verbiedig te adviseren, daartoe het besluis</Unicode>
                </TextEquiv>
            </TextLine>
            <TextLine id="tr_2_tl_10" custom="readingOrder {index:9;}">
                <Coords points="912,3177 2160,3172 2314,3242 2410,3174 2627,3198 2627,3081 2454,3128 2281,3086 1613,3142 1410,3078 1286,3135 912,3123"/>
                <Baseline points="925,3158 1014,3152 1104,3152 1194,3152 1283,3158 1373,3152 1462,3158 1552,3158 1641,3158 1731,3158 1820,3158 1910,3158 1999,3158 2089,3158 2179,3158 2268,3158 2358,3158 2447,3164 2537,3164 2626,3164 2632,3164"/>
                <TextEquiv>
                    <Unicode>te nemen, waarvan een ontwerp hier</Unicode>
                </TextEquiv>
            </TextLine>
            <TextLine id="tr_2_tl_11" custom="readingOrder {index:10;}">
                <Coords points="919,3298 1466,3275 1615,3345 1739,3277 2052,3294 2050,3202 1910,3191 1741,3242 1498,3230 1435,3181 1307,3242 919,3228"/>
                <Baseline points="931,3259 1020,3259 1110,3259 1199,3259 1289,3259 1379,3259 1468,3259 1558,3259 1647,3259 1737,3265 1826,3265 1916,3259 2005,3265 2059,3265"/>
                <TextEquiv>
                    <Unicode>vens wordt aangeboden</Unicode>
                </TextEquiv>
            </TextLine>
            <TextEquiv>
                <Unicode>









</Unicode>
            </TextEquiv>
        </TextRegion>
        <TextRegion id="tr_3" custom="readingOrder {index:2;}">
            <Coords points="1510,3317 2782,3317 2782,3717 1510,3717"/>
            <TextLine id="tr_3_tl_1" custom="readingOrder {index:0;}">
                <Coords points="1737,3399 2513,3399 2513,3305 2461,3294 2370,3338 2270,3326 2193,3265 2052,3303 1737,3277"/>
                <Baseline points="1749,3367 1838,3367 1928,3367 2017,3373 2107,3373 2197,3367 2286,3367 2376,3373 2465,3367 2519,3373"/>
                <TextEquiv>
                    <Unicode>De Minister</Unicode>
                </TextEquiv>
            </TextLine>
            <TextLine id="tr_3_tl_2" custom="readingOrder {index:1;}">
                <Coords points="1496,3576 1942,3588 1989,3623 2473,3576 2779,3611 2779,3539 2583,3457 2401,3457 2316,3530 2216,3539 2111,3488 1933,3544 1671,3457 1568,3499 1496,3469"/>
                <Baseline points="1510,3576 1599,3570 1689,3570 1779,3570 1868,3570 1958,3570 2047,3570 2137,3570 2226,3570 2316,3570 2405,3570 2495,3570 2585,3570 2674,3570 2764,3576 2782,3576"/>
                <TextEquiv>
                    <Unicode>Binnenlandsche Zaken</Unicode>
                </TextEquiv>
            </TextLine>
            <TextLine id="tr_3_tl_3" custom="readingOrder {index:2;}">
                <Coords points="2321,3754 2408,3740 2424,3724 2459,3738 2475,3724 2517,3738 2539,3717 2553,3717 2553,3593 2513,3579 2494,3593 2473,3576 2370,3649 2340,3630 2321,3637"/>
                <Baseline points="2334,3707 2423,3707 2513,3707 2555,3707"/>
                <TextEquiv>
                    <Unicode>Viele</Unicode>
                </TextEquiv>
            </TextLine>
            <TextEquiv>
                <Unicode>

</Unicode>
            </TextEquiv>
        </TextRegion>
    </Page>
</PcGts>
