5491 4203
3069 475 3414 559 DE PARTEMENT
3067 563 3414 624 VOOR DE ZAKEN DE
3044 618 3445 715 R.K. EEREDIENST.
3060 748 3217 844 No. 1
3763 793 4170 906 IsGRAVENHAGE, de
4346 768 4515 926 M
3009 3617 3714 3712 Directeur van het Kabinet des Konings
3397 1442 4921 1510 De ondergeteekende heeft de eer hiernevens, aan den Directeur van het Kabinet
3356 1499 4923 1606 des Konings, onderteekend terug te zenden het bij zijnen geleidenden brief
3356 1598 4839 1713 van den 8e. dezer N 64, gevoegd geweest zijnde Koninklijke besluit
3350 1678 3821 1783 van dien dag No. 64
3356 1762 3660 1867 betreffende : Pro
3946 1769 4135 1859 elden
3989 1939 4860 2124 De Minister voor de zat
3917 2114 4928 2266 der Ruomsch Katholyke beredien
3995 2222 5071 2436 J V van Romund
