5403 4197
852 664 2648 824 b. by hun vertrek naar Indie, een voor
913 757 2583 950 schot ten beloope van vier maande
924 883 2631 1054 der voorloopige bezoldiging van ƒ 100. —
943 980 2741 1122 maands, mitsgaders eene gratificatie van
948 1092 1189 1236 ƒ400. —
845 1208 2715 1384 c. vrij transport als passagier der 1.e klas.
948 1308 2388 1489 op de gebruikelyke voorwaarden
955 1410 2682 1531 eene vaste bezoldiging van ƒ240.'s maar
1050 1517 2657 1658 gaande met den eersten dag der mas
913 1637 2717 1760 volgende op die van hunne aankomst in
3207 195 3372 334 Eak
3581 195 4661 388 Mei 1859 n„o 66 - 61
3595 362 5024 567 's Gravenhage, den 4 Mei 1859
948 1737 2680 1877 Indie, met bepaling dat deze beroldigen
910 1842 2710 2035 na elk verloop van twee jaren zal wor
913 1944 2680 2130 den verhoogd met f 50. smaands, tot dat
3488 1958 5212 2246 Tot de behoorlyke bediening van den
917 2069 2717 2185 een maximum van ƒ500.'s maands zal zy„
3333 2139 5151 2350 tusschen Batavia en Singapore, in de
913 2172 2717 2299 bereikt, - behoudens het geval dat zy door
3349 2232 5188 2401 maand October aanstaande, te leggen ele„
917 2281 2752 2462 vroegere rangs bevordering eene tractement
3335 2355 5151 2573 tro-magnetischen telegraafkabel, wordt
903 2385 1874 2527 verhooging erlangen,
3349 2480 5205 2641 naar het door my derwege ingewonnen gevo
850 2506 2692 2682 e. vrije woning in Indie, of, in afwach
3333 2592 5193 2750 len van den Ingenieur der Rykstelegrafen
887 2604 2722 2731 ting dat deze hun kan worden aangen
3342 2710 5123 2896 noodzakelyk vereischt de tydige uitzen
894 2710 2694 2843 zen, eene billijke indemniteit voor huis
3342 2815 5193 3017 ding van drie telegrafieten en twee technie
880 2810 2392 2975 huur, ter bepaling van den Goui
2422 2896 2657 2982 erneur
3323 2924 5151 3059 allen van de bekwaamste soort.. Omtrent
887 2922 1284 3075 Generaal
3330 3024 5128 3233 de kens van drie bekwame telegrafisten
864 3091 2659 3247 vergoeding voor reis en verblyfkosten bij
3335 3126 5135 3310 heb ik mij, met toestemming van myn
876 3149 2662 3328 dienstreizen en Indie, overeenkomstig de
3321 3268 5147 3393 Ambtgenoot voor de binnenlandsche zaken
892 3282 2357 3442 aldaar bestaande bepalingen
3323 3384 5140 3539 en na overleg met den Heer Venckeback
955 3395 2713 3572 zullende de benoemden worden beschou
3319 3507 5147 3683 wiens betrekkelijk schrijven van 18 April
876 3486 2729 3700 als burgerlyke Ambtenaren in Nederlandres
864 3623 2710 3758 Indie voor zoover de toepasting betref„
2808 3663 3644 3874 Aan den Koning
