5479 4130
2950 762 3413 952 J’OFFICE GARDISSAL.Brevets 6.
2995 891 3358 976 INGENIEUR: C. DESNOS - GARDISSA
3002 945 3351 1014 ANCIEN ÉLEVE DE LÉGOLE CENTRALE
2947 967 3394 1138 BOLLEVART S. MARTIN, 23. R. 8.
3600 967 5092 1135 Mémoire descriptif déposé à l'appui de la demande
3365 1062 5075 1216 d’un Brevet d’Importation formée par Mr. Charles
3380 1147 4496 1264 Desnos - Gardissal, Ing„r civil, a Pan
3306 1240 3372 1712 en France au nom de m.r Wagner
3484 1237 4983 1361 Pour: des appareils destinés à enlever toutes les matières en
3242 1244 3327 1722 le 19 fevrier 1859. —
3349 1271 3425 1708 Brevet d’ Invention de 15 ans
3489 1335 4923 1420 ouspension et en dissolution, contenues dans les eaux devant
3484 1399 4985 1525 alimenter les générateurs de toute nature, applicables aussi a
3477 1475 4928 1579 d’autres usages. - Cette eau d’alimentation étant en outre chauffée presqu’
3506 1544 4871 1629 ratuitement au plus haut degré, avant son entrée dans le générateur.
3472 1613 5087 1722 Mon invention consiste en des appareils destinés à enlever toutes les matières en
3254 1708 5049 1810 inspension et en dissolution, continue dans les eaux devant alimenter les générateurs de toute
3254 1769 4871 1874 nature. Ces appareils sont aussi applicables à d’autres usages que je spécifierai plus loin.
3354 1843 4434 1957 Ces appareils sont représentés dans les dessins ci-jointe.
3363 1926 4740 2050 La planche N=o 1 represente l'appareil le plus simple, en voici la description
3249 1983 5078 2140 la B formeur ensemble. avec la organe que nous allons décrire ci-après, un appareil de disposition simple
3332 2083 5037 2178 présentant une forme carrée; il est en tôte (de 2 m/m à 2m/m 1/z) destiné à purisier et à siltrev l'eau
3363 2156 3945 2254 L'alimentation des chandieres. —
3216 2209 4047 2337 A est le récipient qui reçoit l'eau froide.
3223 2294 5135 2418 B en le révervoie inférieur, il contient des claisons en tole sur lesquelles ont lieu les dépôts des matières
3258 2382 4624 2501 incrustantes. Toere les autres organes composant cet appareil, consistent en:
3225 2449 4940 2572 A Tuyau d'arrivée de l'eau froide formant le prolongement du tuyau de la pompe d’alimentation. —
3220 2527 3890 2646 9: Trop plein pour l’exces d’eau.
3218 2627 5087 2715 0 Robiner destiné à régler l'écoulement d'eau qui s'échappe du récipient A et que tombe dont le réservoir
3332 2677 5054 2812 B. Ce robiner se manœuvre de l’extérieur, au moyen d’une manette e à aiguille indicatrice;... Cette
3334 2760 4007 2869 derniëre repose sur un secteur divisé. —
3209 2819 5073 2966 10 p.... Cloison horezoutales en tête, de forme carrée d'un millimètre environ d'épaisseur, elles sont munies, eux
4897 2862 5054 2919 sur trois de
3334 2938 5068 3028 leurs côtés de parois verticales; elles sont, de plus, importées par un système d’étagères leke..........
3218 2983 5073 3092 6 Ajutage formant suite au huyden d'échappement de la machine à rapenir, et amenant ladite vapour à
3332 3066 3783 3178 l'intérieur du réservoir B.
3211 3154 5078 3287 C Tuyan d'échappement de la rapeno qui a parconnu tout les espaces videz formétendie deur clocessivet pp.
3351 3218 4562 3318 Ce qui naturellement amène l'échauffement de toutes lesdites eloisaart p............
3225 3282 5068 3420 99.3. Cleisont verticales de 15 1/m de hauteur, environ, ferées au fond du recevoir B. Elle sont destinées à retenir;
3334 3399 5064 3479 dune le cas de certaines eaux, les dépôts déjà formés en masse, qui pourraient se détacher dit clorsont pp... et
4472 3463 4916 3522 sur le fond du réservoir B.
3318 3441 5056 3596 des parois intérieures du réservoir B. on sorte que ces matières, retenues en place a en pouvent venir obetruw le tuyau de
3330 3527 3560 3620 sortie sent.
4152 3579 4223 3693 „.
