<?xml version="1.0" encoding="UTF-8" standalone="yes"?>
<PcGts xmlns="http://schema.primaresearch.org/PAGE/gts/pagecontent/2013-07-15" xmlns:xsi="http://www.w3.org/2001/XMLSchema-instance" xsi:schemaLocation="http://schema.primaresearch.org/PAGE/gts/pagecontent/2013-07-15 http://schema.primaresearch.org/PAGE/gts/pagecontent/2013-07-15/pagecontent.xsd">
    <Metadata>
        <Creator>prov=READ-COOP:name=TrHtr:version=2.3.0:model_id=51170:date=05_10_2023_20:42</Creator>
        <Created>2023-10-05T08:02:43.858+02:00</Created>
        <LastChange>2023-10-05T20:42:51.491+02:00</LastChange>
        <TranskribusMetadata docId="1601069" pageId="60386478" pageNr="73" tsid="136530636" status="IN_PROGRESS" userId="122145" imgUrl="https://files.transkribus.eu/Get?id=DDQAQDBSJKHOJNSTXRHWNVNT&amp;fileType=view" xmlUrl="https://files.transkribus.eu/Get?id=ILGQVAITMPTBUXKRYLYBWSCE" imageId="48768603"/>
    </Metadata>
    <Page imageFilename="nl_zh_ha_na-2_02_04-1190_73.jpg" imageWidth="5429" imageHeight="4222">
        <ReadingOrder>
            <OrderedGroup id="ro_1696622897539" caption="Regions reading order">
                <RegionRefIndexed index="0" regionRef="tr_3"/>
                <RegionRefIndexed index="1" regionRef="tr_5"/>
                <RegionRefIndexed index="2" regionRef="tr_1"/>
                <RegionRefIndexed index="3" regionRef="tr_4"/>
                <RegionRefIndexed index="4" regionRef="tr_2"/>
            </OrderedGroup>
        </ReadingOrder>
        <TextRegion id="tr_3" custom="readingOrder {index:0;}">
            <Coords points="1463,684 2693,684 2693,1747 1463,1747"/>
            <TextLine id="tr_3_tl_1" custom="readingOrder {index:0;}">
                <Coords points="1563,763 1698,750 1771,802 1903,754 2119,743 2589,766 2591,675 2436,684 2292,581 2090,702 1800,663 1566,684"/>
                <Baseline points="1576,746 1612,740 1701,746 1791,746 1881,746 1970,740 2060,734 2149,734 2239,734 2328,734 2418,734 2508,734 2597,734"/>
                <TextEquiv>
                    <Unicode>een perceel Duin</Unicode>
                </TextEquiv>
            </TextLine>
            <TextLine id="tr_3_tl_2" custom="readingOrder {index:1;}">
                <Coords points="1673,886 1866,884 1985,957 2115,900 2178,959 2404,864 2684,889 2687,788 2534,829 2463,788 2311,827 2220,777 2140,845 2039,845 1948,786 1864,841 1673,829"/>
                <Baseline points="1684,865 1701,865 1791,871 1881,865 1970,865 2060,871 2149,865 2239,865 2328,859 2418,859 2508,859 2597,853 2687,853"/>
                <TextEquiv>
                    <Unicode>ond, gelegen in de</Unicode>
                </TextEquiv>
            </TextLine>
            <TextLine id="tr_3_tl_3" custom="readingOrder {index:2;}">
                <Coords points="1452,1030 1682,1071 1823,1009 2014,1030 2327,989 2463,1076 2602,996 2602,939 2466,880 2272,909 2167,971 1932,962 1862,907 1695,889 1641,836 1452,829"/>
                <Baseline points="1463,997 1534,991 1624,991 1713,991 1803,991 1893,991 1982,985 2072,985 2161,985 2251,985 2340,991 2430,985 2520,985 2609,973"/>
                <TextEquiv>
                    <Unicode>Westduinen, in de ge</Unicode>
                </TextEquiv>
            </TextLine>
            <TextLine id="tr_3_tl_4" custom="readingOrder {index:3;}">
                <Coords points="1570,1146 1932,1130 2106,1176 2261,1148 2477,1208 2595,1135 2675,1142 2678,1028 2602,1041 2554,1000 2438,1076 2327,989 2147,994 1723,1092 1572,1041"/>
                <Baseline points="1582,1122 1606,1122 1695,1116 1785,1116 1875,1116 1964,1110 2054,1110 2143,1110 2233,1110 2322,1110 2412,1110 2502,1110 2591,1110 2681,1116"/>
                <TextEquiv>
                    <Unicode>meente s' Gravenhage,</Unicode>
                </TextEquiv>
            </TextLine>
            <TextLine id="tr_3_tl_5" custom="readingOrder {index:4;}">
                <Coords points="1527,1297 1889,1244 2215,1258 2267,1297 2338,1251 2650,1240 2650,1162 2577,1146 2472,1210 2283,1151 1898,1192 1809,1153 1666,1215 1529,1185"/>
                <Baseline points="1540,1254 1582,1248 1672,1242 1761,1242 1851,1242 1940,1236 2030,1236 2119,1236 2209,1236 2299,1236 2388,1236 2478,1230 2567,1230 2657,1236"/>
                <TextEquiv>
                    <Unicode>groot 55 Roeden 90 Ellen</Unicode>
                </TextEquiv>
            </TextLine>
            <TextLine id="tr_3_tl_6" custom="readingOrder {index:5;}">
                <Coords points="1552,1392 2046,1370 2160,1381 2201,1422 2247,1390 2283,1424 2390,1365 2648,1376 2687,1308 2520,1299 2450,1338 2201,1258 1900,1290 1554,1267"/>
                <Baseline points="1564,1367 1618,1367 1707,1367 1797,1361 1887,1361 1976,1361 2066,1367 2155,1361 2245,1361 2334,1361 2424,1355 2514,1355 2603,1349 2693,1349"/>
                <TextEquiv>
                    <Unicode>voor eenen koopprijs van</Unicode>
                </TextEquiv>
            </TextLine>
            <TextLine id="tr_3_tl_7" custom="readingOrder {index:6;}">
                <Coords points="1550,1511 2634,1486 2634,1442 2486,1404 2359,1458 2256,1401 2069,1426 1937,1376 1887,1420 1727,1370 1552,1429"/>
                <Baseline points="1564,1486 1654,1486 1743,1480 1833,1486 1922,1486 2012,1480 2102,1480 2191,1480 2281,1480 2370,1475 2460,1475 2549,1475 2639,1469"/>
                <TextEquiv>
                    <Unicode>drie honderd een en</Unicode>
                </TextEquiv>
            </TextLine>
            <TextLine id="tr_3_tl_8" custom="readingOrder {index:7;}">
                <Coords points="1552,1613 1595,1638 2614,1618 2650,1611 2652,1506 2466,1479 1554,1511"/>
                <Baseline points="1564,1606 1582,1606 1672,1612 1761,1606 1851,1606 1940,1612 2030,1606 2119,1606 2209,1606 2299,1600 2388,1606 2478,1600 2567,1594 2657,1594"/>
                <TextEquiv>
                    <Unicode>twintig Gulden, twee en</Unicode>
                </TextEquiv>
            </TextLine>
            <TextLine id="tr_3_tl_9" custom="readingOrder {index:8;}">
                <Coords points="1552,1759 2657,1734 2659,1609 1983,1609 1937,1636 1866,1609 1638,1645 1556,1618"/>
                <Baseline points="1564,1737 1588,1737 1678,1737 1767,1737 1857,1731 1946,1731 2036,1731 2125,1725 2215,1725 2305,1725 2394,1719 2484,1719 2573,1719 2663,1713"/>
                <TextEquiv>
                    <Unicode>veertig en eene halve Cent</Unicode>
                </TextEquiv>
            </TextLine>
            <TextEquiv>
                <Unicode>







</Unicode>
            </TextEquiv>
        </TextRegion>
        <TextRegion id="tr_5" custom="readingOrder {index:1;}">
            <Coords points="1570,1783 2699,1783 2699,2494 1570,2494"/>
            <TextLine id="tr_5_tl_1" custom="readingOrder {index:0;}">
                <Coords points="1561,1944 1805,1871 2017,1914 2108,1875 2188,1926 2286,1932 2415,1855 2600,1850 2602,1757 1566,1764"/>
                <Baseline points="1576,1869 1624,1863 1713,1863 1803,1863 1893,1863 1982,1857 2072,1857 2161,1857 2251,1851 2340,1851 2430,1845 2520,1845 2609,1833"/>
                <TextEquiv>
                    <Unicode>F 321. 42½ en op de</Unicode>
                </TextEquiv>
            </TextLine>
            <TextLine id="tr_5_tl_2" custom="readingOrder {index:1;}">
                <Coords points="1581,2017 2131,1980 2687,2008 2687,1889 2552,1873 2340,1953 2092,1885 1951,1953 1581,1939"/>
                <Baseline points="1594,1988 1618,1988 1707,1982 1797,1982 1887,1976 1976,1976 2066,1976 2155,1976 2245,1976 2334,1976 2424,1970 2514,1970 2603,1970 2693,1976"/>
                <TextEquiv>
                    <Unicode>voorwaarden omschreven</Unicode>
                </TextEquiv>
            </TextLine>
            <TextLine id="tr_5_tl_3" custom="readingOrder {index:2;}">
                <Coords points="1563,2137 1841,2103 1951,2151 2245,2103 2634,2119 2650,2065 2482,2058 2372,1987 2126,2039 1862,1989 1657,2083 1566,2076"/>
                <Baseline points="1576,2113 1582,2113 1672,2108 1761,2108 1851,2102 1940,2108 2030,2102 2119,2102 2209,2096 2299,2096 2388,2096 2478,2096 2567,2096 2657,2090"/>
                <TextEquiv>
                    <Unicode>in het kopulijk aan</Unicode>
                </TextEquiv>
            </TextLine>
            <TextLine id="tr_5_tl_4" custom="readingOrder {index:3;}">
                <Coords points="1563,2249 2527,2233 2564,2222 2566,2112 2495,2110 2381,2176 2247,2103 2090,2174 1916,2128 1814,2163 1675,2142 1566,2199"/>
                <Baseline points="1576,2233 1582,2227 1672,2227 1761,2221 1851,2227 1940,2221 2030,2227 2119,2221 2209,2221 2299,2221 2388,2215 2478,2215 2567,2209"/>
                <TextEquiv>
                    <Unicode>dit besluit vastge-</Unicode>
                </TextEquiv>
            </TextLine>
            <TextLine id="tr_5_tl_5" custom="readingOrder {index:4;}">
                <Coords points="1563,2370 1768,2406 1894,2359 2055,2415 2122,2370 2331,2352 2652,2374 2691,2368 2693,2233 2425,2217 2256,2317 2033,2240 1841,2274 1732,2231 1566,2281"/>
                <Baseline points="1576,2358 1624,2358 1713,2352 1803,2358 1893,2358 1982,2352 2072,2352 2161,2352 2251,2346 2340,2346 2430,2346 2520,2340 2609,2340 2699,2334"/>
                <TextEquiv>
                    <Unicode>hecht koopcontract van</Unicode>
                </TextEquiv>
            </TextLine>
            <TextLine id="tr_5_tl_6" custom="readingOrder {index:5;}">
                <Coords points="1556,2498 1784,2509 1898,2479 2069,2543 2160,2488 2302,2475 2400,2484 2472,2534 2568,2491 2570,2425 2372,2363 2292,2415 2135,2374 2055,2413 1967,2393 1859,2447 1700,2384 1636,2436 1559,2425"/>
                <Baseline points="1570,2484 1588,2484 1678,2484 1767,2484 1857,2478 1946,2478 2036,2478 2125,2472 2215,2472 2305,2472 2394,2466 2484,2472 2573,2478"/>
                <TextEquiv>
                    <Unicode>den 23 April 1859</Unicode>
                </TextEquiv>
            </TextLine>
            <TextEquiv>
                <Unicode>




</Unicode>
            </TextEquiv>
        </TextRegion>
        <TextRegion id="tr_1" custom="readingOrder {index:2;}">
            <Coords points="525,2547 2699,2547 2699,3843 525,3843"/>
            <TextLine id="tr_1_tl_1" custom="readingOrder {index:0;}">
                <Coords points="2167,2641 2349,2616 2411,2627 2500,2611 2552,2630 2580,2611 2682,2618 2684,2523 2600,2511 2523,2554 2390,2484 2265,2584 2190,2534 2169,2539"/>
                <Baseline points="2179,2609 2239,2609 2328,2603 2418,2603 2508,2597 2597,2597 2687,2597"/>
                <TextEquiv>
                    <Unicode>Minister</Unicode>
                </TextEquiv>
            </TextLine>
            <TextLine id="tr_1_tl_2" custom="readingOrder {index:1;}">
                <Coords points="1563,2762 2377,2734 2493,2789 2689,2721 2691,2639 2324,2616 2140,2698 2090,2664 1953,2687 1894,2641 1800,2707 1563,2703"/>
                <Baseline points="1576,2735 1618,2735 1707,2729 1797,2729 1887,2729 1976,2723 2066,2723 2155,2723 2245,2717 2334,2717 2424,2717 2514,2711 2603,2711 2693,2705"/>
                <TextEquiv>
                    <Unicode>van Financien is belast</Unicode>
                </TextEquiv>
            </TextLine>
            <TextLine id="tr_1_tl_3" custom="readingOrder {index:2;}">
                <Coords points="1570,2908 1677,2908 1732,2862 2099,2858 2192,2880 2258,2949 2459,2846 2534,2896 2595,2876 2675,2837 2678,2746 2374,2821 2199,2766 2053,2757 1998,2789 1864,2748 1682,2826 1572,2789"/>
                <Baseline points="1582,2860 1606,2854 1695,2848 1785,2848 1875,2854 1964,2854 2054,2848 2143,2848 2233,2842 2322,2842 2412,2836 2502,2836 2591,2830 2681,2824"/>
                <TextEquiv>
                    <Unicode>met de uitvoering dezes</Unicode>
                </TextEquiv>
            </TextLine>
            <TextLine id="tr_1_tl_4" custom="readingOrder {index:3;}">
                <Coords points="1561,3015 1736,2992 1875,3019 1969,2981 2197,3019 2374,2978 2443,3019 2693,2965 2696,2901 2625,2862 2516,2901 2456,2862 2359,2933 2256,2949 2153,2874 1923,2940 1563,2937"/>
                <Baseline points="1576,2979 1624,2973 1713,2973 1803,2973 1893,2973 1982,2973 2072,2967 2161,2967 2251,2967 2340,2961 2430,2961 2520,2955 2609,2955 2699,2944"/>
                <TextEquiv>
                    <Unicode>waarvan een afschrift zal</Unicode>
                </TextEquiv>
            </TextLine>
            <TextLine id="tr_1_tl_5" custom="readingOrder {index:4;}">
                <Coords points="1570,3129 1905,3106 2092,3152 2274,3097 2693,3090 2696,2997 2527,3042 2377,2981 2279,2987 2156,3067 1921,2994 1718,3074 1572,3051"/>
                <Baseline points="1582,3111 1624,3105 1713,3099 1803,3099 1893,3099 1982,3099 2072,3093 2161,3093 2251,3087 2340,3081 2430,3081 2520,3075 2609,3075 2699,3063"/>
                <TextEquiv>
                    <Unicode>worden gezonden aan de</Unicode>
                </TextEquiv>
            </TextLine>
            <TextLine id="tr_1_tl_6" custom="readingOrder {index:5;}">
                <Coords points="1556,3240 2165,3222 2390,3279 2513,3224 2693,3243 2696,3167 2561,3092 2456,3138 2226,3101 2092,3152 1905,3106 1559,3145"/>
                <Baseline points="1570,3218 1624,3212 1713,3212 1803,3218 1893,3218 1982,3218 2072,3218 2161,3218 2251,3218 2340,3218 2430,3212 2520,3212 2609,3206 2699,3200"/>
                <TextEquiv>
                    <Unicode>Algemeene Rekenkamer</Unicode>
                </TextEquiv>
            </TextLine>
            <TextLine id="tr_1_tl_7" custom="readingOrder {index:6;}">
                <Coords points="1563,3384 1759,3363 1873,3411 1935,3368 2026,3352 2094,3379 2204,3350 2272,3370 2292,3361 2295,3249 2201,3265 2117,3316 2069,3313 1987,3254 1878,3295 1777,3224 1566,3286"/>
                <Baseline points="1576,3350 1582,3350 1672,3350 1761,3350 1851,3350 1940,3350 2030,3344 2119,3344 2209,3338 2299,3332"/>
                <TextEquiv>
                    <Unicode>tot informatie</Unicode>
                </TextEquiv>
            </TextLine>
            <TextLine id="tr_1_tl_8" custom="readingOrder {index:7;}">
                <Coords points="1495,3502 1912,3500 2083,3575 2381,3475 2545,3562 2680,3537 2682,3329 2345,3313 2215,3400 2037,3366 1891,3445 1793,3423 1645,3459 1570,3395 1497,3400"/>
                <Baseline points="1510,3487 1522,3487 1612,3481 1701,3481 1791,3475 1881,3475 1970,3475 2060,3475 2149,3475 2239,3469 2328,3469 2418,3469 2508,3475 2597,3469 2687,3469"/>
                <TextEquiv>
                    <Unicode>haren tijd den 7 Mei 1859</Unicode>
                </TextEquiv>
            </TextLine>
            <TextLine id="tr_1_tl_9" custom="readingOrder {index:8;}">
                <Coords points="513,3639 688,3660 784,3632 934,3653 975,3621 1187,3646 1458,3628 1458,3562 1196,3496 1076,3580 845,3491 672,3512 561,3468 515,3489"/>
                <Baseline points="525,3618 567,3618 656,3618 746,3624 836,3618 925,3618 1015,3618 1104,3612 1194,3612 1283,3612 1373,3606 1463,3606"/>
                <TextEquiv>
                    <Unicode>De Minister van Financi</Unicode>
                </TextEquiv>
            </TextLine>
            <TextLine id="tr_1_tl_10" custom="readingOrder {index:9;}">
                <Coords points="1862,3837 2188,3760 2210,3778 2520,3776 2523,3682 2470,3705 2359,3641 2270,3639 2101,3667 2046,3651 1978,3701 1864,3712"/>
                <Baseline points="1875,3774 1899,3774 1988,3768 2078,3762 2167,3756 2257,3756 2346,3756 2436,3756 2526,3756"/>
                <TextEquiv>
                    <Unicode>Willens</Unicode>
                </TextEquiv>
            </TextLine>
            <TextLine id="tr_1_tl_11" custom="readingOrder {index:10;}">
                <Coords points="722,3851 779,3826 957,3851 1039,3826 1130,3881 1196,3865 1287,3888 1340,3849 1372,3876 1472,3833 1472,3737 1319,3726 1199,3660 1021,3792 978,3776 925,3799 857,3737 722,3721"/>
                <Baseline points="734,3827 758,3821 847,3827 937,3827 1027,3827 1116,3827 1206,3833 1295,3827 1385,3827 1475,3821"/>
                <TextEquiv>
                    <Unicode>van Bossen</Unicode>
                </TextEquiv>
            </TextLine>
            <TextEquiv>
                <Unicode>









</Unicode>
            </TextEquiv>
        </TextRegion>
        <TextRegion id="tr_4" custom="readingOrder {index:3;}">
            <Coords points="3368,612 5177,612 5177,1956 3368,1956"/>
            <TextLine id="tr_4_tl_1" custom="readingOrder {index:0;}">
                <Coords points="3594,690 3874,741 3935,697 4031,731 4804,679 5002,750 5170,686 5170,536 5031,592 4692,542 3594,561"/>
                <Baseline points="3606,674 3654,674 3744,680 3833,680 3923,686 4012,680 4102,680 4192,680 4281,680 4371,680 4460,674 4550,674 4640,674 4729,668 4819,668 4908,668 4998,662 5087,668 5177,662"/>
                <TextEquiv>
                    <Unicode>Heden den drie en twintigsten April</Unicode>
                </TextEquiv>
            </TextLine>
            <TextLine id="tr_4_tl_2" custom="readingOrder {index:1;}">
                <Coords points="3384,839 4913,779 5052,859 5139,827 5141,700 5006,754 4870,695 4763,752 4403,686 3584,775 3386,709"/>
                <Baseline points="3397,806 3445,806 3535,806 3624,806 3714,806 3803,800 3893,794 3983,794 4072,788 4162,788 4251,788 4341,782 4431,788 4520,782 4610,782 4699,776 4789,776 4878,776 4968,776 5058,770 5147,764"/>
                <TextEquiv>
                    <Unicode>des Jaars Achttien honderd negen en vyf</Unicode>
                </TextEquiv>
            </TextLine>
            <TextLine id="tr_4_tl_3" custom="readingOrder {index:2;}">
                <Coords points="3379,934 4831,884 5136,930 5139,839 4794,786 4252,870 4058,811 3382,836"/>
                <Baseline points="3391,907 3439,907 3529,913 3618,907 3708,901 3798,901 3887,901 3977,901 4066,895 4156,895 4245,895 4335,895 4425,895 4514,889 4604,889 4693,889 4783,883 4872,883 4962,883 5052,877 5141,877"/>
                <TextEquiv>
                    <Unicode>„tig, compareerde voor mij Meester Joan„</Unicode>
                </TextEquiv>
            </TextLine>
            <TextLine id="tr_4_tl_4" custom="readingOrder {index:3;}">
                <Coords points="3361,1053 5136,1005 5136,930 4904,886 4610,962 4348,898 4047,987 3865,984 3774,907 3534,957 3361,923"/>
                <Baseline points="3374,1015 3439,1009 3529,1009 3618,1003 3708,1009 3798,1009 3887,1003 3977,1003 4066,1003 4156,1003 4245,1003 4335,1003 4425,1003 4514,1003 4604,997 4693,997 4783,991 4872,991 4962,997 5052,997 5141,997"/>
                <TextEquiv>
                    <Unicode>nes Franciscus Aloysius Leesberg, No</Unicode>
                </TextEquiv>
            </TextLine>
            <TextLine id="tr_4_tl_5" custom="readingOrder {index:4;}">
                <Coords points="3357,1133 4355,1123 4510,1192 4640,1117 5132,1123 5134,1055 4913,1003 4562,1057 3528,1016 3357,1082"/>
                <Baseline points="3368,1116 3433,1116 3523,1116 3612,1116 3702,1116 3792,1110 3881,1104 3971,1110 4060,1110 4150,1110 4239,1110 4329,1110 4419,1110 4508,1110 4598,1104 4687,1104 4777,1104 4866,1104 4956,1098 5046,1098 5135,1098"/>
                <TextEquiv>
                    <Unicode>„taris in het eerste Arrondissement der pro</Unicode>
                </TextEquiv>
            </TextLine>
            <TextLine id="tr_4_tl_6" custom="readingOrder {index:5;}">
                <Coords points="3357,1267 4749,1224 4870,1303 5155,1235 5155,1142 4758,1126 4507,1194 4191,1121 3357,1153"/>
                <Baseline points="3368,1224 3457,1224 3547,1224 3636,1218 3726,1224 3815,1218 3905,1218 3995,1218 4084,1218 4174,1218 4263,1218 4353,1212 4442,1218 4532,1212 4622,1212 4711,1212 4801,1206 4890,1206 4980,1206 5069,1206 5159,1200"/>
                <TextEquiv>
                    <Unicode>viveie Zuid Holland, residerende te's Graven</Unicode>
                </TextEquiv>
            </TextLine>
            <TextLine id="tr_4_tl_7" custom="readingOrder {index:6;}">
                <Coords points="3366,1351 3541,1390 3651,1317 4081,1324 4236,1395 4334,1326 5159,1326 5159,1235 4366,1219 4179,1301 4074,1242 3739,1303 3646,1242 3562,1294 3493,1237 3366,1256"/>
                <Baseline points="3379,1325 3463,1325 3553,1319 3642,1319 3732,1319 3821,1319 3911,1319 4001,1319 4090,1319 4180,1319 4269,1319 4359,1313 4448,1313 4538,1307 4628,1307 4717,1307 4807,1307 4896,1307 4986,1307 5075,1301 5165,1301"/>
                <TextEquiv>
                    <Unicode>hage, in tegenwoordigheid der natemelder</Unicode>
                </TextEquiv>
            </TextLine>
            <TextLine id="tr_4_tl_8" custom="readingOrder {index:7;}">
                <Coords points="3379,1497 3425,1488 3473,1449 3555,1445 3573,1456 3591,1440 3632,1463 3657,1442 3687,1440 3726,1465 3726,1365 3644,1370 3614,1358 3541,1390 3509,1376 3466,1417 3379,1411"/>
                <Baseline points="3391,1433 3463,1433 3553,1433 3642,1433 3732,1427"/>
                <TextEquiv>
                    <Unicode>getuigen</Unicode>
                </TextEquiv>
            </TextLine>
            <TextLine id="tr_4_tl_9" custom="readingOrder {index:8;}">
                <Coords points="3534,1531 3655,1579 4129,1529 4188,1568 4738,1524 4993,1566 5123,1550 5125,1379 4218,1392 4127,1349 3534,1447"/>
                <Baseline points="3547,1516 3636,1510 3726,1522 3815,1522 3905,1522 3995,1522 4084,1516 4174,1516 4263,1516 4353,1516 4442,1516 4532,1516 4622,1516 4711,1510 4801,1510 4890,1510 4980,1516 5069,1516 5129,1516"/>
                <TextEquiv>
                    <Unicode>De Hoog WelGeboren Heer Henrik</Unicode>
                </TextEquiv>
            </TextLine>
            <TextLine id="tr_4_tl_10" custom="readingOrder {index:9;}">
                <Coords points="3379,1650 4432,1663 4608,1613 4904,1670 5148,1622 5150,1540 4897,1595 4728,1536 4526,1593 4040,1534 3619,1577 3382,1520"/>
                <Baseline points="3391,1636 3451,1630 3541,1636 3630,1630 3720,1624 3809,1624 3899,1630 3989,1624 4078,1618 4168,1618 4257,1618 4347,1618 4436,1618 4526,1618 4616,1612 4705,1612 4795,1612 4884,1612 4974,1606 5064,1606 5153,1606"/>
                <TextEquiv>
                    <Unicode>Baron Collot d’ Escury Ontvanger de</Unicode>
                </TextEquiv>
            </TextLine>
            <TextLine id="tr_4_tl_11" custom="readingOrder {index:10;}">
                <Coords points="3425,1746 4829,1716 4947,1761 5111,1714 5114,1625 4902,1673 4829,1620 4594,1611 4282,1691 3430,1650"/>
                <Baseline points="3439,1737 3505,1737 3594,1737 3684,1737 3774,1731 3863,1737 3953,1731 4042,1731 4132,1725 4222,1719 4311,1719 4401,1713 4490,1713 4580,1713 4669,1713 4759,1707 4849,1707 4938,1701 5028,1701 5117,1695"/>
                <TextEquiv>
                    <Unicode>Domeinen, wonende te's Gravenhage op de</Unicode>
                </TextEquiv>
            </TextLine>
            <TextLine id="tr_4_tl_12" custom="readingOrder {index:11;}">
                <Coords points="3402,1859 3794,1846 3876,1894 4054,1839 4138,1919 4243,1832 4847,1844 4872,1736 4448,1720 4282,1798 3976,1741 3730,1816 3598,1750 3402,1764"/>
                <Baseline points="3415,1839 3439,1833 3529,1839 3618,1839 3708,1833 3798,1833 3887,1833 3977,1827 4066,1833 4156,1827 4245,1821 4335,1821 4425,1821 4514,1827 4604,1821 4693,1815 4783,1821 4872,1809"/>
                <TextEquiv>
                    <Unicode>Prinsengracht, my Notaris bekend</Unicode>
                </TextEquiv>
            </TextLine>
            <TextLine id="tr_4_tl_13" custom="readingOrder {index:12;}">
                <Coords points="3630,1964 3712,2008 4017,1932 4389,1946 4507,2035 4640,1946 4911,1939 5013,2005 5084,1941 5166,1946 5168,1841 4920,1839 4738,1898 4213,1857 4140,1919 4047,1841 3878,1894 3721,1844 3632,1880"/>
                <Baseline points="3642,1946 3648,1946 3738,1940 3827,1940 3917,1940 4007,1934 4096,1934 4186,1940 4275,1934 4365,1934 4454,1934 4544,1934 4634,1934 4723,1928 4813,1928 4902,1928 4992,1928 5081,1922 5171,1928"/>
                <TextEquiv>
                    <Unicode>Dewelke als zoodanig en onder voorbe</Unicode>
                </TextEquiv>
            </TextLine>
            <TextEquiv>
                <Unicode>











</Unicode>
            </TextEquiv>
        </TextRegion>
        <TextRegion id="tr_2" custom="readingOrder {index:4;}">
            <Coords points="3391,1980 5213,1980 5213,3521 3391,3521"/>
            <TextLine id="tr_2_tl_1" custom="readingOrder {index:0;}">
                <Coords points="3379,2062 4993,2083 5207,2062 5209,1941 5013,2005 4831,1939 3965,1964 3844,2028 3382,1980"/>
                <Baseline points="3391,2054 3421,2054 3511,2054 3600,2048 3690,2048 3780,2048 3869,2048 3959,2048 4048,2042 4138,2048 4227,2042 4317,2042 4407,2042 4496,2042 4586,2042 4675,2042 4765,2036 4855,2036 4944,2036 5034,2036 5123,2030 5213,2036"/>
                <TextEquiv>
                    <Unicode>houd van nadere goedkeuring van Zijne Excellen</Unicode>
                </TextEquiv>
            </TextLine>
            <TextLine id="tr_2_tl_2" custom="readingOrder {index:1;}">
                <Coords points="3391,2174 4963,2183 5202,2160 5202,2065 4815,2049 4683,2108 4560,2044 4232,2126 4109,2051 3528,2119 3391,2071"/>
                <Baseline points="3403,2155 3415,2155 3505,2155 3594,2155 3684,2149 3774,2149 3863,2149 3953,2143 4042,2149 4132,2143 4222,2143 4311,2137 4401,2143 4490,2143 4580,2143 4669,2143 4759,2143 4849,2137 4938,2137 5028,2137 5117,2137 5207,2137"/>
                <TextEquiv>
                    <Unicode>den Heer Minister van Finantiën, verklaard</Unicode>
                </TextEquiv>
            </TextLine>
            <TextLine id="tr_2_tl_3" custom="readingOrder {index:2;}">
                <Coords points="3391,2345 3537,2270 4090,2304 4195,2261 4339,2308 4432,2263 5148,2261 5148,2192 5038,2231 4765,2158 4612,2224 4421,2188 4238,2235 3999,2156 3393,2174"/>
                <Baseline points="3403,2257 3451,2263 3541,2257 3630,2257 3720,2257 3809,2257 3899,2257 3989,2257 4078,2257 4168,2251 4257,2251 4347,2251 4436,2245 4526,2251 4616,2251 4705,2245 4795,2245 4884,2245 4974,2245 5064,2245 5153,2245"/>
                <TextEquiv>
                    <Unicode>by de tegenwoordige Acte onder vigwaren</Unicode>
                </TextEquiv>
            </TextLine>
            <TextLine id="tr_2_tl_4" custom="readingOrder {index:3;}">
                <Coords points="3379,2397 5123,2368 5123,2320 4902,2256 4453,2327 4013,2261 3733,2276 3667,2340 3514,2258 3379,2283"/>
                <Baseline points="3391,2364 3427,2364 3517,2364 3606,2358 3696,2364 3786,2364 3875,2364 3965,2358 4054,2358 4144,2358 4233,2358 4323,2352 4413,2352 4502,2352 4592,2346 4681,2346 4771,2352 4860,2346 4950,2346 5040,2346 5129,2346"/>
                <TextEquiv>
                    <Unicode>als volgens de wet te hebben ver„</Unicode>
                </TextEquiv>
            </TextLine>
            <TextLine id="tr_2_tl_5" custom="readingOrder {index:4;}">
                <Coords points="3407,2502 5104,2472 5107,2361 4751,2415 4275,2370 3995,2452 3787,2374 3409,2377"/>
                <Baseline points="3421,2472 3499,2472 3588,2472 3678,2472 3768,2472 3857,2472 3947,2472 4036,2472 4126,2466 4216,2466 4305,2466 4395,2460 4484,2460 4574,2454 4663,2460 4753,2454 4843,2454 4932,2448 5022,2448 5111,2448"/>
                <TextEquiv>
                    <Unicode>kocht en mitsdien in vollen en</Unicode>
                </TextEquiv>
            </TextLine>
            <TextLine id="tr_2_tl_6" custom="readingOrder {index:5;}">
                <Coords points="3414,2605 5157,2577 5159,2511 4965,2461 4886,2518 4621,2525 4150,2472 3799,2559 3416,2504"/>
                <Baseline points="3427,2585 3463,2579 3553,2585 3642,2579 3732,2579 3821,2579 3911,2579 4001,2573 4090,2573 4180,2567 4269,2567 4359,2561 4448,2561 4538,2555 4628,2555 4717,2555 4807,2549 4896,2549 4986,2549 5075,2549 5165,2549"/>
                <TextEquiv>
                    <Unicode>vigen eigendom overtedragen aan- er</Unicode>
                </TextEquiv>
            </TextLine>
            <TextLine id="tr_2_tl_7" custom="readingOrder {index:6;}">
                <Coords points="3409,2700 5031,2682 5082,2675 5084,2593 4601,2570 4421,2643 4266,2584 4081,2657 3924,2595 3409,2614"/>
                <Baseline points="3421,2687 3475,2687 3565,2681 3654,2681 3744,2681 3833,2675 3923,2675 4012,2675 4102,2675 4192,2669 4281,2669 4371,2663 4460,2663 4550,2663 4640,2663 4729,2663 4819,2663 4908,2663 4998,2663 5087,2663"/>
                <TextEquiv>
                    <Unicode>ten behoeve van den WelEdelen Heer</Unicode>
                </TextEquiv>
            </TextLine>
            <TextLine id="tr_2_tl_8" custom="readingOrder {index:7;}">
                <Coords points="3409,2807 3956,2780 4086,2862 4368,2773 4603,2776 4867,2832 4975,2773 5184,2794 5186,2637 5011,2705 4300,2673 3926,2757 3571,2678 3409,2728"/>
                <Baseline points="3421,2794 3487,2788 3577,2788 3666,2788 3756,2788 3845,2782 3935,2782 4024,2776 4114,2776 4204,2776 4293,2776 4383,2770 4472,2770 4562,2764 4651,2764 4741,2764 4831,2770 4920,2764 5010,2764 5099,2764 5189,2764"/>
                <TextEquiv>
                    <Unicode>Arnoldus Josephus Lambertus Maria</Unicode>
                </TextEquiv>
            </TextLine>
            <TextLine id="tr_2_tl_9" custom="readingOrder {index:8;}">
                <Coords points="3407,2940 4412,2876 4532,2949 4619,2880 5152,2869 4988,2785 4924,2842 4697,2846 4605,2782 4434,2819 4368,2773 4131,2858 3956,2780 3739,2803 3680,2860 3411,2812"/>
                <Baseline points="3421,2890 3457,2890 3547,2890 3636,2884 3726,2884 3815,2878 3905,2878 3995,2878 4084,2872 4174,2872 4263,2872 4353,2872 4442,2866 4532,2866 4622,2860 4711,2860 4801,2860 4890,2860 4980,2860 5069,2860 5159,2854"/>
                <TextEquiv>
                    <Unicode>Lux, Ambtenaar by het Departement voor</Unicode>
                </TextEquiv>
            </TextLine>
            <TextLine id="tr_2_tl_10" custom="readingOrder {index:9;}">
                <Coords points="3418,3019 4612,2983 4863,3056 5036,2962 5150,2978 5152,2869 4617,2885 4516,2953 4254,2869 4113,2930 3799,2894 3420,2969"/>
                <Baseline points="3433,2991 3451,2991 3541,2985 3630,2985 3720,2985 3809,2985 3899,2985 3989,2985 4078,2979 4168,2979 4257,2979 4347,2979 4436,2979 4526,2973 4616,2967 4705,2967 4795,2961 4884,2961 4974,2961 5064,2961 5153,2961"/>
                <TextEquiv>
                    <Unicode>de zaken der Roomsch, Katholijke Eere</Unicode>
                </TextEquiv>
            </TextLine>
            <TextLine id="tr_2_tl_11" custom="readingOrder {index:10;}">
                <Coords points="3432,3131 5141,3092 5143,3033 5016,2978 4813,3058 4731,3001 4587,3044 4316,2990 4140,3065 3824,3063 3721,3003 3432,3051"/>
                <Baseline points="3445,3099 3535,3093 3624,3093 3714,3093 3803,3093 3893,3087 3983,3087 4072,3081 4162,3081 4251,3081 4341,3075 4431,3081 4520,3081 4610,3075 4699,3069 4789,3075 4878,3069 4968,3063 5058,3063 5147,3063"/>
                <TextEquiv>
                    <Unicode>dienst, wonende aan den Scheve</Unicode>
                </TextEquiv>
            </TextLine>
            <TextLine id="tr_2_tl_12" custom="readingOrder {index:11;}">
                <Coords points="3475,3245 4489,3183 4692,3281 4822,3181 5127,3186 5129,3110 4813,3140 4749,3097 4589,3161 4172,3090 3992,3152 3869,3097 3641,3104 3475,3170"/>
                <Baseline points="3487,3194 3523,3200 3612,3200 3702,3194 3792,3194 3881,3188 3971,3188 4060,3182 4150,3182 4239,3182 4329,3182 4419,3182 4508,3182 4598,3176 4687,3176 4777,3170 4866,3170 4956,3165 5046,3159 5135,3159"/>
                <TextEquiv>
                    <Unicode>ningschen Straatweg in de gemeente</Unicode>
                </TextEquiv>
            </TextLine>
            <TextLine id="tr_2_tl_13" custom="readingOrder {index:12;}">
                <Coords points="3450,3320 3965,3370 4218,3297 4867,3325 5045,3295 5047,3238 4820,3181 4384,3279 4038,3199 3452,3229"/>
                <Baseline points="3463,3302 3529,3296 3618,3302 3708,3302 3798,3302 3887,3302 3977,3296 4066,3302 4156,3296 4245,3296 4335,3296 4425,3290 4514,3290 4604,3290 4693,3284 4783,3284 4872,3284 4962,3284 5052,3278"/>
                <TextEquiv>
                    <Unicode>'s Gravenhage, aan mij Notaris</Unicode>
                </TextEquiv>
            </TextLine>
            <TextLine id="tr_2_tl_14" custom="readingOrder {index:13;}">
                <Coords points="3411,3450 3516,3484 3764,3398 5086,3386 5086,3309 5011,3291 4763,3368 4599,3288 4291,3366 4138,3325 3806,3382 3657,3316 3414,3318"/>
                <Baseline points="3427,3403 3481,3403 3571,3397 3660,3397 3750,3397 3839,3397 3929,3397 4018,3397 4108,3397 4198,3391 4287,3391 4377,3385 4466,3385 4556,3385 4645,3385 4735,3385 4825,3385 4914,3385 5004,3385 5093,3379"/>
                <TextEquiv>
                    <Unicode>bekend, en die alhier mede voor</Unicode>
                </TextEquiv>
            </TextLine>
            <TextLine id="tr_2_tl_15" custom="readingOrder {index:14;}">
                <Coords points="3455,3557 4298,3505 4507,3603 5072,3610 5184,3566 5189,3384 4922,3471 4569,3427 4462,3475 4202,3395 3714,3493 3457,3480"/>
                <Baseline points="3469,3511 3487,3511 3577,3511 3666,3511 3756,3511 3845,3505 3935,3505 4024,3505 4114,3505 4204,3499 4293,3499 4383,3499 4472,3499 4562,3499 4651,3493 4741,3493 4831,3493 4920,3493 5010,3493 5099,3481 5189,3481"/>
                <TextEquiv>
                    <Unicode>mij Notaris in tegenwoordigheid</Unicode>
                </TextEquiv>
            </TextLine>
            <TextEquiv>
                <Unicode>













</Unicode>
            </TextEquiv>
        </TextRegion>
    </Page>
</PcGts>
