5481 4211
1106 507 2543 680 première cuve, à un lessivage ordinaire, au
1097 623 2762 790 du sel de soude (Crystaux desoude) dans sa proportion
1090 741 2779 884 d’environ 1/11 à 1/3 de leurs poids; aveele volume convenable
1097 862 2786 1020 d’eau carifiée pour opérer (à une température de 60.°
1079 994 2722 1154 80.°) ce lessisvage, qui enlève à la fois toutes les
1086 1106 2722 1270 matières grasses, pouvant accidentellement se trouve
1079 1222 2679 1406 mélées à la saine, déja teinte; plus toutes les
1073 1354 2244 1516 couleurs végétales, ou mauvais teint
1270 1468 2731 1637 Après cette préparation on verse sur la Contisse
1071 1575 2727 1742 lessivée une solution de Sulfate de cuivre, dans la
1071 1705 2793 1825 quelle le sel varie de 1/20 à 30 du poids de l'eau, selon
1066 1841 2755 2005 le dégré de minéralisation plus ou moins énergique
1086 1961 2771 2124 qué l'on veut obtenir. Et après un séjour de quelques
1073 2056 2744 2229 heures dans la cuve où est cette solution, sa Contisse
1086 2185 2731 2365 est retirée, légèrement égouttée, puis plongée au
1060 2312 2727 2490 moyen de baches en treillis, toiles métalliques, o
1073 2435 2782 2540 autre enveloppe perméable, dans une autre cuve.
1073 2547 2769 2729 contenant une dissolution de Cammin, emprunté à
1066 2654 2762 2826 la noix de galle, à l’écorce de chène, où à d'autres
1079 2793 2571 2973 végétaux contenant de l’acide rannique
1253 2898 2769 3071 Alors la réaction que l'on désire s'opère immé
1049 3021 2738 3192 =diatement; c'est-à-dire que d'après ses propriétés
1049 3157 2762 3313 comme s'el insoluble, le Tannate de cuivre se forme
1062 3262 2733 3409 immédiatement, parla combinaison de l’acide
1049 3381 2773 3560 Tannique avec le cuivre; tandis que l'acide sulfurique
1066 3523 2731 3657 devenu libre, reste en petite quantité mélé dans
1049 3626 2731 3749 le liquide. Le Tannate, en poudre impalpable, et
3686 197 4407 349 Désignation
3536 537 5296 713 tenu en suspension, se trouve ainsi, à l’état naissant en
3547 663 5197 831 contract avec les filaments de laine, non seulement
3543 763 5247 921 L’extérieur mais même dans le petit tube capillaire
3530 891 4330 1042 existant à leur intérieur
3714 1016 5247 1160 De sorte qu'en retirant, au bout de quelques
3528 1136 5239 1290 heures, la Zontisse de ce dernier bain, qu'il est bon de
3517 1272 5254 1389 tenir aussi à une température de 50. o 60.o environ, et
3543 1384 5226 1551 en la soumettant au grand air, ou dans une étuve
3530 1492 5267 1656 à une desication complète, qui n'évacore que l'eau pur
3523 1630 5142 1794 le sel insoluble dont il s'agit reste définitivement
3528 1753 5208 1906 adhérent à la saine, qui prend une coloration d’un
3519 1869 5195 2027 brun foncé, complètement inaltérable, sous l’action
3545 1985 5226 2163 des lavages ordinaires, soit à chaud soit a froid. De
3519 2104 5228 2284 plus la substance animale de la laine est compléten
3536 2257 5236 2393 injectée d'une matière insoluble et autreptique, qu'
3536 2334 5215 2512 sa rend parfaitement incorruptible; et des lors tout a
3536 2464 5171 2639 fait propre à servir au filtrage des eaux potables
3530 2593 5239 2731 comme à celui de tous liquides quelconques, employé
3528 2698 5201 2874 soit dans l’économie domestique, soit dan s'industrie
3692 2834 5195 3001 On produit un effet analogue, par l'emploi do
3517 2951 5184 3120 Cannate deser, obtenu desa meme maniere, pa
3519 3080 5239 3249 la réaction du Tannin sur le sulfur de fer. Mais
3536 3172 5168 3350 se procedé ci-dessus décrit doit être regardé comme
3565 3310 3868 3479 méferable
3714 3438 5215 3582 Au premier abord on pourrait craindre que la
3534 3536 5201 3696 minéralisation, ainsi produite à l’aide de ce proced.
3530 3650 5166 3837 n’offrit relativement à la qualité des eaux potable
