5369 4281
3166 208 4416 437 Eek. 7 Mei 1859 en 7.
4519 537 5132 723 5 Mei 1859
3760 486 4502 742 Gravenhage, den
3906 1963 5200 2200 Arnoldus Iosephus Lan
3264 2143 5105 2287 bertus Maria Lux, wonende aan
3235 2290 5136 2483 den Scheveningschen straatweg in de
3210 2395 5117 2617 gemeente s' Gravenhage, heeft zijn
3235 2536 5200 2720 verlangen te kennen gegeven, om onder
3230 2646 5163 2832 s' hands van het Rijk te koopen, een
3222 2761 5080 2973 perceel duingrond, gelegen in de
3230 2886 5183 3098 Westduinen in de gemeente's Gravenhage
3240 3025 5178 3171 en zulks tot eene inhouds grootte van
3240 3152 5097 3291 55 roeden 90 ellen, uitmakende een
3266 3264 5151 3418 deelte van de percelen kadastraal be
3249 3393 5141 3598 kend in sectie A der Gemeente s' Gravenhag:
3266 3520 3916 3659 N=o 4050 en 4053
2888 3667 3972 3916 aan den Koning
