5403 4206
3312 535 5043 742 van de aldaar bestaande bepalingen on
3319 637 4936 844 trent de pensioenen voor burgerlyke
3330 742 5121 911 Ambtenaren, hunne weduwen - en weezen
3339 875 4546 996 en die omtrent de verloven,
3457 993 5050 1134 en zich schriftelyk verbinden, om het
3312 1080 5019 1230 Gouvernement van Nederlandsch-Indio
3332 1192 4976 1310 minstens gedurende zes achtereenvol
3326 1303 4947 1488 gende jaren, met den meesten ijver en
3326 1419 4497 1526 naauwgezetheid te dienen.
3435 1501 5056 1633 Onze Minister van Kolonien is belas„
3326 1617 5050 1751 met de uitvoering van dit besluit, waar
3303 1729 4972 1860 van afschrift zal worden gezonden
3297 1831 5010 1969 aan Onzen Minister van Binnenland.
3288 1938 4486 2094 sche zaken tot informatie
3301 2134 4800 2337 F. Geaventige den 7 Mei 185
2778 2310 3805 2490 De Minister van Staat
4259 2383 4787 2559 Willen
2858 2455 3998 2640 Minister van Kolonien,
3248 2597 3560 2787 Krührer
