5481 4211
2937 272 5212 515 Mémoire Descriptis joint à la Demande de
2893 456 5224 679 Monsieur Pierre Armand Le Comte de Fontai
2858 591 5204 845 „ne Moreau demeurant à Paris d’un certificat
2866 758 5215 1012 d’addition & de Perfectionnement au Brevet prince
2916 927 5104 1103 pal d’Importation de 15 ans à lui délivré à
2916 1027 5133 1278 La Haye le 17 Septembre 1800 cinquante six
2893 1179 3589 1348 sousle N„o 63
3621 1454 4139 1720 Exposé
3583 1735 5168 1980 La description jointe à la demande du
3308 1881 5198 2091 Brevet precité décrit les principes généraux du
3291 1983 5110 2153 système de ciltres dont il s'agit; consistant
3291 2080 5154 2276 notamment, dans les dispositions suivantes
3346 2179 5177 2343 Deux rubes eijsindriques, d'inégal diamètre
3302 2308 5206 2492 en tale perzorde, rendus inoxydables, sont placés
3311 2387 5145 2556 concentriquement, ou dans un même are; de
3296 2472 5204 2644 manière à laisser, entr'eux une espace, à sectio-
3273 2583 5154 2738 annulaire, lequel est rempli, d'une couche de
3270 2668 5148 2823 matière filtrante plus ou moins épaisse, con
3261 2747 5142 2943 primée à la presse; puis, clavetée solidement
3261 2846 5119 2995 de manière que la dite matiere 1„o acquière une
3273 2963 5104 3103 porosité aussi serrée qu’il est nécessaire,
3241 3065 5160 3215 pour donner, sous le moindre volume de
3279 3144 5163 3296 l’appareil, une bonne filtration. 2° Pour qu
3238 3218 5189 3428 la dite matiere ne puisse se dégager sous l’effet
3247 3329 5180 3492 de telle pression que ce soit. L’appareil est
3256 3419 5122 3577 d'ailleurs disposé de maniere à opérer la
3238 3504 5084 3665 filtration de dehors en dedans, c’est à dire
3226 3627 5195 3808 que le courant formé du liquide, clarifié s’établie
