5471 4301
3590 911 5223 1137 Op het ten five van Berigk onorg¬
3654 1074 5330 1222 en Advies, in myne handen Gesteld
3583 1159 5312 1311 bezigt request van Adriaan van
3583 1242 5305 1396 Alphen Herrebergier, te Alphen
3601 1374 5334 1512 Engedient aan Zyne Majesteit
3554 1447 5327 1577 Den Koning duurby om aangevoer
3561 1550 5316 1682 de reden verzoekende om kwijtschei
3547 1633 5316 1785 „ding van Boeten en Kosten, waartoe
3547 1753 5310 1896 hij veroordeelt is bij vonnis van
3554 1829 5305 1955 dit Kantongeregt dd: 15:e Ianuari
3529 1943 5298 2111 H: ter zaken van een niet geëijscht
3523 2035 5319 2194 Maat in zijn Herreberg kamer voor
3547 2142 5287 2258 handen te hebben gehad, He„
3561 2236 5281 2361 in de Eer, nae alwoonens het open
3543 2337 5290 2462 bare Ministerie hier op te hebben
3536 2444 5191 2616 gehoord. hure Majesteit met
3529 2551 5258 2701 verschuldigde Hoogachting
3536 2678 5258 2828 te Berigten, Dat op de Openbare
3529 2806 5287 2917 heregtzitting van dit Kantongereigt
3511 2873 5292 3036 van 15:e Januarij H: door het op den
3518 2980 5281 3145 Ambteren opgemaakt. Proces-verbau
3511 3083 5240 3223 en gesterrit door de beestigde ver
3511 3181 5256 3351 Klaring van den relatant wetten
3511 3290 5256 3422 en overtuigend is bewezen, dat
3503 3389 5245 3520 op den 12=e October 1858, in de Her
4751 3853 4948 3985 rebe
