5507 4301
900 832 2426 1027 Heeft de eer, onder terugtending van
681 985 1422 1157 rekwest te berigten
827 1118 2683 1334 Dat de adressant op den 20 Augustus 1858
666 1264 2753 1448 den Zeventruzenschen ryweg onder de gemeente Zeventer
676 1422 2725 1667 heeft gezeten op eene door hem geleid wordende kar
681 1568 1739 1763 met twee honden bespanne
796 1745 2623 1934 dat hy duardoor overtreden heeft de verordene
705 1888 2639 2072 op het ryden van wagens en karren met houden
705 2057 2774 2213 besparinen en tegen het hard ryden op de dorpstraat
702 2189 1758 2397 in de gemeente Zevenhuizen
798 2330 2701 2587 dat hy dientengevolge door dit Kantongeregt.
725 2519 2655 2701 veroordeeld in eene boete van drie Gulden ten
744 2616 2553 2876 voor deele der gemeente Zevenhuizen en in de
783 2842 2722 3042 geregts kosten voor derbaar des noods by lyfsdwan¬
892 3029 2738 3250 Dat de adressant echter aan ligchaams gebreken
723 3247 2649 3437 lijdende niet altyd in staat is zynen wagen t
744 3409 1479 3598 voet te begelerden
900 3549 2527 3754 dat hy in zeer bekrompene financiel
749 3767 2527 3903 omstandigheden verkeerende met moeite in
3112 546 4529 783 behoeften van zyn huisgezin voorzu
3240 712 4410 918 dat hy dienstengevolge nieman
4438 764 5138 928 kan bezoldigen
3123 915 4909 1048 om in zyne plaats zyn kur te begeleiden
3138 1134 5013 1318 Op voormelde gronden heeft de Kantonregt
3151 1321 5010 1500 voornoemd de eer Uwe Majesteit eerbiedig
3138 1474 5083 1711 adviseeren om aan den adressant gedeeltelijke
3167 1622 5101 1846 kwytschelding te verleenen en mitsdien de boete
3172 1854 5065 2020 van drie Gulden te verminderen op die van
3216 2028 3775 2215 vyftig Cents
3851 2301 4035 2465 De
4126 2291 4519 2504 Cantonregte
4358 2480 4735 2688 J A Van den 13.
