5376 4197
979 510 2711 690 wedde van ƒ 520„ - zou genieten, naauwelij
988 605 2609 785 geacht worden toereckend te zijn om bij
1049 710 2766 842 weigen middelen, in het meestkang levens
977 801 2005 961 onderhoud te voorzien.
1370 942 2681 1129 Door Uwer Majesteits Com„
986 1102 2747 1213 missaris wordt mitsdien voorgesteld, het
2397 1206 2577 1334 Bod
986 1195 2376 1359 Burgemeesters ambt van den
979 1309 1905 1436 op te dragen aan L.
2024 1311 2729 1461 C Kolff van Ooc
1038 1389 2686 1536 erwijk, burgemeester der gemeente Stad
988 1475 2729 1650 aan't Haringvliet, die zich hiertoe bij het
995 1598 2700 1753 mede hierbij overgelegd request tot Uwe
1008 1703 2185 1853 Majesteit heeft gewend
1407 1798 2693 1996 Daar de gemeente den Boms
979 1980 2777 2135 slechts een half uur van stad aan ’t Haring
986 2080 2736 2235 liet is verwijderd, bestaat er bij mij geen
979 2167 2782 2329 bezwaar om beide Burgemeesters betrekkingen
972 2274 2734 2436 aan denzelfden persoon op te dragen te meer
967 2374 2734 2531 daar deze benoeming blijkens het adres van
967 2456 2686 2590 raadsleden en notabelen van laatstgemelde
986 2584 2686 2675 gemeente, ook aan de ingezetenen aldaar
967 2661 2495 2836 aangenaam schijnt te zullen zijn
1172 2791 2793 2966 Ich heb alzoo de eer Uwer Majeket
965 2961 2752 3121 eerbiedig voortedragen om tot Burgemees„
972 3052 2247 3230 ter der gemeente Stad aan 't
2390 3048 2772 3221 Haringvlier
967 3148 2793 3312 te benoemen L. C.C. Kolff van Posterwijk
970 3250 2734 3401 Burgemeester der gemeente den Bom
990 3342 2697 3480 mel, te welken einde een daartoe
979 3451 2782 3624 strekkend ontwerp van besluit hiernevens
3326 519 4844 697 ter bekrachtiging wordt aangeboden
4125 685 4910 951 De Minister
3610 901 5053 1079 van Binnenlandsche Zaken.
