5345 4197
495 276 1774 502 Sorge, den 7 Mei 1859
661 473 1680 654 Aan N E Edenst.
506 556 2292 777 Ministre van Corlog und ömaneilen
775 900 1082 1102 No. 56.
3712 450 5076 650 s Gravenhage, den 6 Mei 1859
3674 629 5006 918 Sch: f Moi 1859 m 55, 56, 57
1539 853 2695 1116 Ik heb de Eer Ewer Speell=m
1561 1066 2533 1219 kennis te geven, dat de
1579 1158 2448 1317 door den Raad van
1586 1275 2529 1422 straatte, doch dagen
1570 1375 2516 1523 hengebrovene wets
1568 1483 2567 1687 boordragt, tot nadere
1561 1608 2619 1803 verhooging der beprooting
1572 1743 2625 1958 van les departement van
1555 1870 2632 2074 Souluij, dienst 1859, op
3535 1873 5100 2034 De Raad van State heeft ter voldoenin
1539 2012 2533 2139 heven door Teid
3356 2000 5080 2168 aan Uwer Majesteits verlangen, kenbaar
3373 2103 5062 2267 gemaakt bij missive van den Directeur va
1550 2056 2628 2321 bij boodschap aan de Tweeden
3340 2209 5020 2386 Uwer Majesteits Kabinet van den 6 dezer
1516 2220 2596 2435 Moner der sch; ter
3389 2292 5051 2491 L.a H.4, met den meesten spoed overwogen
1496 2343 2612 2545 is ingevonden, ingereld
1053 2406 1212 2540 voor
3373 2435 5069 2569 een door den Minister van Oorlog, bij rapport
1561 2493 2486 2639 van de welichtende
3378 2520 5123 2704 van denzelfden dag, Kabinet L- R 13, aangebode
1534 2587 2491 2751 memorie en van den
3367 2632 5123 2787 wets ontwerp met toelichtende memorie, waar
1528 2719 2500 2887 twelcktonden staat
3378 2762 5083 2921 mede de Raad van Ministers zich vereenig
3378 2845 5080 3024 heeft, tot verhooging, alsnog nader van het
2034 2923 2498 3098 Dat Er: en
3387 2964 5092 3149 X:de Hoofdstuk der Staatsbegrooting over dezen
3528 3196 5062 3342 Deze verhooging bedraagt eene som van
450 3111 1667 3389 Den Raed van Pieter
3373 3282 5118 3465 ƒ 2,832,000. = en wordt noodig geacht, uithoofde
1714 3297 2634 3508 Ik hebben aan den Roi,
3407 3409 5098 3555 van de gewigtige gebeurtenissen, die thans in
1539 3488 2701 3609 in verbind met Styn ider nu
3342 3499 5143 3669 Europa plaats grijpen, welke de aandacht der
800 3463 1140 3642 n 57.
1525 3566 2641 3743 Oder N.o 7 kennis te
3367 3615 5134 3774 Regering gevestigd hebben op de wenschelijkheid
1532 3712 2583 3857 geven, dat de hollvoordragt,
1503 3819 2200 3965 tot om: ziechbaren
2218 3848 2704 4003 De Dir: an:
3002 3810 3761 3958 Aan den Koning
