5403 4206
1119 772 2708 934 Waren de ondergeteekenden, en met
804 887 2730 1053 hen zoo vele bewoners der koopsteden aan
811 999 2759 1127 de Maas, tydens het indienen van hun adres
804 1107 2715 1241 van den 18. Februarij ƒ.l. met augstig
816 1197 2744 1334 bezorgaheid vervuld over het lot, dat den han
811 1322 2713 1464 del aan de Maas door de omtrent den Zui
816 1400 2747 1591 delyken Spoorweg te nemen beslissing, zou
804 1530 2713 1694 de beschoren worden, die bezorgdheid is thans in
824 1625 2744 1757 regtmatige creugde, in blyde verwachting ver„
816 1733 2754 1877 keerd, nu het bekend is geworden dat, krachten
824 1833 2766 2033 Uwer Majestets beschikking van den 15: April
853 1950 2786 2111 /:t de concessie voor den zuiderspoorweg aan
824 2043 2732 2194 bovengenoemde aanvragers is verleend, op
836 2143 2766 2348 zoodanigen voet als zy door de ondergeteeken
824 2292 2742 2466 den is voorgestaan, en door den handel aan
816 2385 2082 2551 de Maas wordt gewenscht.
1197 2490 2757 2654 Gelijk de ondergeteekenden vroe
841 2581 2759 2774 ger de vrijheid namen, zich tot Uwe Ma
824 2681 2715 2869 jesteit te wenden met hunne bezwaren
826 2815 2720 2962 en wenschen, zoo ook nemen zy de vry
828 2906 2737 3089 heid thans Uwe Majesteit te naderen me
816 3006 2737 3172 de betuiging van hunnen opregten dank
828 3106 2742 3292 voor de beschikking door Hoogst dezelve
841 3236 2739 3375 in deze genomen, eene beschikking die
838 3321 2739 3502 in hare gevolgen van den heilzaamsten
826 3448 2759 3600 in vloed op den bloei van den Nederland
836 3541 2131 3714 schen handel wezen kan.
1185 3614 2791 3834 Zij verzoeken Uwe Majesteyt eerbie
3140 723 5107 885 dig deze hunne dankbetuiging te willen aan
3148 848 5098 1002 nemen; eene dankbetuiging, die het hun de
3152 978 5071 1127 te meer behoefte is uit te spreken, omdat zij
3152 1112 5083 1261 het gevolg is van een vernieuwd bewys van
3157 1166 5103 1320 uwer Majesteits ernstigen wil om het welzyn
3148 1273 4895 1405 des dierbaren vaderlands te bevorderen.
3710 1388 4743 1552 Hetwelk doende enz
3397 1481 5115 1679 Het Vereenigd Spoorweg Commité voornoem
2823 1615 3079 1750 Rotterdam
3160 1647 3763 1843 den 5e Mei 1859.
2845 1725 3089 1857 Dordreck
4064 1816 4606 1987 J.F. Hoff
3971 2312 4880 2498 Joost van Vollenhoe
3964 2476 5081 2695 den Bandt van Heekelinge
4264 2867 4826 3072 E. W. C. Bln
4220 3094 4760 3289 F. C. Déking der
