5345 4197
1056 479 1611 654 Alle deze uit.
953 634 1623 780 vak van zeven ma
948 733 1623 874 Junij aanstaande,
942 816 1627 998 marschvaardigen te
955 948 1605 1088 zoodra bij een nad
919 1059 1607 1175 bond tot de mobilis.
919 1162 1596 1328 overgegaan, die troe„
942 1288 1593 1409 schikbaar kunnen
1074 1387 1607 1499 De Raad van s
939 1481 1607 1620 spoed, het wetsont
937 1605 1605 1744 ook hij is van meer
939 1695 1591 1865 kingen van Limb.
937 1825 1602 1940 den staat de verpli
948 1919 1600 2074 Bondsleger in mar
935 2041 1623 2185 gebragt, het te lei
942 2108 2684 2250 een deel uitmaakt, even eens op den voet van oorlo
942 2248 1785 2394 moet worden ingerigt
1122 2333 2668 2492 De Raad van State, ten adviege overgaande
948 2432 2684 2589 is van oordeel, dat Uwe Majesteit, het onderhavig
953 2544 2657 2719 wetsontwerp aan de Tweede Kamer der Staten
942 2668 2414 2825 Generaal zoude kunnen doen inzenden
1092 2776 2722 2906 zoowel om den aanbevolen spoed, alsmede op groni
937 2877 2684 3048 dat bij den Raad geene bedenkingen tegen het wetsont
948 3030 2677 3151 werp bestaan, heeft hij vermeend zich van eene confi
953 3102 2760 3266 rentie met den Minister van Oorlog te kunnen onthouden
1695 3230 2567 3398 Het Voorzittend lid
1598 3362 2594 3470 van den Raad van State
2265 3427 2461 3585 Pieters
2875 3697 3708 3938 Aan den Koning
3731 218 4978 436 Est: 4 Mei 1859 le E
2958 515 3347 690 Kabinet
3677 528 4859 728 is Gravenhage den 3 Mei 185
2994 690 3313 784 No 538
4605 1214 4783 1337 4 Mei
3666 1735 5059 1935 Ik heb de eer, namens den Raad
3403 1895 5043 2038 van Ministers Uwer Majesteit hierby
3414 2003 5111 2155 aan te bieden een ontwerp van Wet met Me
3403 2097 5100 2256 morie van Toelechting en byloge tot verhoo
3421 2187 5122 2358 ging van het Xe Hoofdituk der staatsbegroo
3378 2295 5075 2468 ting van 1859 om te voorzien in de buitenge„
3389 2400 5136 2569 wone Uitgaven voor het Limburgsch Boudscon
3385 2526 4129 2690 tingent Kavalerie.
3565 2625 5127 2785 Het zou Uwe Majesteit kunnen be„
3394 2726 5113 2890 hagen deze stukken, na daarop den Raad
3396 2827 5095 2994 van state te hebben gehoord, aan de Tweede
3396 2933 5037 3129 kamer der staten generaal te doen toekomen
3947 3081 4974 3304 De tydelijke voorzitter
3821 3250 4978 3367 Van den Raad van Ministers
4450 3367 4682 3571 Fey
