5481 4223
1287 476 2677 641 verleenen schadeloosstellingen. Alvore,
1091 453 1275 604 ren,
1036 613 2619 735 an deze voordragt gevolg te geven, meende ik
1036 708 2642 834 deputeerde Staten in de eerste plaats te moeten
1036 813 2706 935 zoeken de in voormelden staat ontbrekende opga
1018 930 2755 1075 van het bedrag der door den ijker van het vaatwerk
1025 1059 2736 1186 te Maastricht gedane uitschotten aan te vullen
999 1176 2755 1250 en in de tweede plaats te moeten doen opmerken, dat
1025 1268 2762 1385 de schadeloosstelling ten behoeve van den ijker te
1084 1351 2720 1516 Baarloo, die slechts ƒ 15.50 uitgegeven heeft, op
1045 1464 2757 1624 6 30.= is voorgedragen, terwijl die voor den ijker te Weer
1133 1576 2768 1732 ƒ 27. 75 uitgegeven heeft, op het minder bedrag van
1043 1698 2764 1847 ƒ 20. is voorgedragen; welke ongelijkmatigheid van
1055 1778 2778 1951 schadeloosstelling mij voorkwam eenige nadere toelich
1029 1912 1555 2056 „ting te vorderen
1204 1997 2755 2162 Uit het hierop van Gedeputeerde Staten in dato
1018 2164 2704 2272 20 April lb bekomen en mede hiernevens overgeleg
1036 2242 2757 2378 antwoord, blijkt voor zooveel het eerste punt betreft
1043 2334 2736 2493 dat de uitschotten van den ijker te Maastricht to
1048 2445 2683 2610 gens zijne opgave hebben bedragen eene som van
1078 2553 2736 2690 m. f 200. - en voor zooveel het tweede punt betref.
1029 2647 2739 2833 dat Gedeputeerde Staten, bij gemis aan eenig middel
1027 2791 2693 2927 van contrôle op de uitgaven dezer ambtenaren, g
1059 2906 2732 3007 oordeeld hebben in hunne gedane voordragt die
1034 3010 2706 3157 van het vorige jaar te moeten volgen. Zoude
1043 3099 2803 3249 echter een juisten maatstaf voor de bedoelde contrôle
1061 3210 2667 3361 te bezitten, geloof ik dat aangezien de ijker te
1048 3324 2750 3469 Baarlo blijkens den aangeboden staat, slechts 77.
1091 3423 2548 3586 ren afstand; die te Weert daarentegen
3313 423 5096 613 afstand heeft moeten bereizen, hieruit reeds van zelf d
3322 581 5153 726 billijkheid voortolveit, om de aan laatstgenoemde ambtenaa
3327 701 5117 818 toe te kennen schadevergoeding hooger te stellen dan de
3315 797 5142 940 van eerstgenoemden uit welken hoofde ik mij met de gedan
3304 921 5146 1064 voordragt, voor zooveel deze beide ambtenaren betreft, niet
3304 1034 3901 1163 wel kan vereenigen
3504 1096 5135 1275 Daar nu de ijkers van het vaatwerk in Limburg
3315 1250 5153 1395 gewoon zijn, jaarlijks met eenige gratificatie als schad
3327 1378 5117 1503 loosstelling voor hunne gedane uitgaven, welke de op
3327 1489 5130 1606 brengst der ijkloonen overtreffen, te worden begunstig
3306 1592 5117 1696 meen ik, onder referte tot de voordragt van het Depa
3304 1693 5142 1783 tement van Binnenlandsche Zaken in dato 7 Maart
3304 1774 5117 1884 1855 No. 116, dat er allezins termen bestaan hun wederd
3308 1928 5135 2045 over het afgeloopen jaar zoodanige schadeloos stelling
3304 2024 5052 2148 van Rijkswege te verleenen, welke, met gedeeltelijk
3327 2118 5087 2263 wijziging van het voorstel van Gedeputeerde Staten
3338 2245 5142 2355 zouden kunnen worden vastgesteld als volgt, en was
3327 2320 5133 2451 door tevens aan het hierboven vermelde verzoek„
3322 2428 5089 2585 schrift van den Adressant zou worden voldaan, te weten
3357 2543 5084 2711 voor den ijker te Maastricht ter somma van ƒ 80.
3354 2654 4103 2782 voor dien te Sittard
4767 2750 5025 2918 ... „ 4
3357 2764 4701 2909 voordien te Neer (onlangs ontslagen)
3364 2897 3855 2996 voor dien te
3364 2982 4126 3141 voor dien te Baarlou
3494 3065 5034 3216 Ik heb mitsdien de eer aan Uwer Majesteits goedk
3393 3216 5167 3350 nderwerpen nevensgaand concept besluit, strekkende tot verleend
3274 3331 4342 3451 der bedoelde schadeloosstellingen
3674 3357 5153 3504 De Minister van Binnenlandsche Zaken
4542 3511 4719 3676 Vin
