5491 4203
3836 1714 5196 1850 De Minister van Buitenland„
3293 1831 5205 1972 sche Zaken heeft de eer hiernevens aan der
3300 1941 5213 2091 Heer Directeur van het Kabinet des Koning
3305 2062 5220 2267 terug tezenden, voorzien van zijne mede onde
3300 2181 5141 2379 teekening, Zijner Majesteits Berluit van
3293 2303 4920 2515 den 8 dezer, N=o 63, nopens het aan
3267 2434 4948 2646 en dragen eener vreemde decoratie.
4265 2560 5067 2791 J van Eeltsten
2898 3412 3408 3655 Den Heer
2917 3615 4091 3770 Directeur van het Kabinet
2912 3758 3472 3984 des Koning
4236 533 5082 691 lage, den 10 Mei 1859
4470 648 4732 767 „to 12
