5591 4301
701 267 2857 410 requestrant, waarin doos dien leuchtenaars wordt erkende, dat
704 386 2808 553 hij door de dankte vergeten heeft, dit nieuwe kleine ge
701 491 2279 666 wigt van het herijkungsmerk te voorzien.
745 591 2824 728 dat deshalve de door den sequechsant opgegevene verout
677 715 2781 909 schuldiging hoogst aanneemelijk is, en hij slechts doog een
682 850 2851 1022 ter goed verstouwen op de naauwkeurige pligtvervulling van
707 982 2808 1152 een daartoe gestelde vijksambtenaar en overstoeding schijnt
701 1098 1295 1262 te zijn gevallen.
736 1217 2843 1392 dat nae heesin genoepzame grond aanwezig is om voor
731 1322 2846 1527 enen geheele kwijtschelding des geldboete te adviseren.
747 1467 1182 1629 Advisseert:
755 1589 2805 1794 dat het zijne Majestät mogen behagen den reques.
720 1732 2700 1926 tsant vrij te stellen van de heen opgelegde straf.
661 1891 1621 2134 Franckers 13 April 1859
1662 2104 2436 2347 De Kantonvisten
1907 2333 2298 2498 A: Eestier
