5479 4130
839 884 2607 1038 bouillante, ce qui fait que tous les corps étranger, de quelque nature qu’ils soient, en suspension
824 1006 2635 1120 ou en dissolution dont l’eau, non-seulement se séparent, mais encore adjèrent et sont retenue en une
856 1100 2595 1191 inanstation sur les claisant; – et ainsi, on obtient graduellement le dépôt des matières incinstants
841 1160 2624 1262 selon leur densité; en les plut lourder se deposant sur les cloisont supérieures et les plus légères sur les
850 1248 1251 1356 cloisons inférieure.
964 1316 2615 1427 En même temps que cette réparation a lieu, il se produit la condensation d’une grande partie de
833 1384 2621 1501 la rapeno qui parcourt l’intérieur du réservoir B. Cette condensation d’opère sur la parois, le plafond
844 1467 2618 1563 et sur les couches minces d'eau du réservoir B, et ainsi, on conçoit que par cette condensation, on
844 1546 2635 1654 obtient non seulement une partie d'eau distillée, mais encore on diminue d’autant la proportion
836 1615 2385 1734 d’eau à épurer, et par suite, on simplifie la fonction de l’appareil purificateur.
964 1674 2612 1808 La grande production de l'eau épurée, mise à la disposition du générateur dans cet appareil
827 1782 2476 1896 reduit de volume, sera appréciée par l'exemple suivant, aussi sérieur que surprenant. —
975 1836 2601 1950 L’appareil est, dans la pl. 1 au 1/18 d’exécution; en il possède une surface de chaussé d'environ
844 1933 2604 2035 20. Mètres canis, il somme de l’eau en quantité suffisante pour une machine à rapens de
873 2018 2237 2109 ingt chevaux de force, qui consomme par heure 2/3 de mêtre rubes d’eau
1160 2089 2226 2265 Importance et avantages de l'appareil
947 2203 2618 2348 Comme l’eau parfaitement puisiée par cet appareil produit aussi une rapen exempte de toute
836 2308 1902 2416 impureté, j'appelle cet appareil: hydratmo- purificateur.
893 2379 2629 2496 Depuis des années, on a employé vainement des moyens chimiques et autres, très coûteux, pour
861 2459 2621 2567 brier aux inconvénients des incensitations dans les générateurs, on a même essayé, poussé par la
856 2538 2641 2641 récessité, des moyens abnordes, un aucun d'eux, bien entendu, n'a fourni des résultats, en tandis que
841 2624 2621 2720 mon appareil offre à tous les industriels, un moyen sûr et efficace; en son apparition d'une hau
833 2675 2624 2808 importance pour les gouvernements, pour les Compagnies de chemins de fer et pour la
853 2740 2638 2865 narigation à rapeno, pour l’industrie et pour les actes en général, sera accueillie avec
847 2837 2644 2953 empressement. un En outre qu’il proviendra de grande dangere, il amène pour les générateurs
836 2911 2592 3024 et pour les machinez, une marche supérieure et pour les propriétaires, des économies
841 2985 1711 3115 considerables, notamment sur le combustible.
944 3061 2621 3172 Pour ne mentionner qu'un de ses avantages, nous citeront la condensation presque
839 3132 2629 3263 complète de la rapenir, autrefois perdue dans l’atmosphère, - par laquelle condenuation, la
839 3235 2607 3331 même eau presque chimiquement pure et chauffée au plus haut degré, est continuellement
833 3275 2618 3400 ramenée sans frais au générateur; en même temps les générateurs sont complètement débarras
844 3368 2635 3479 de toute incinstation, en des inconvénients et même des graver dangent qui en resultent.
1779 3604 1887 3701 4.
3445 827 5080 986 L’appareil representé dont la pl. 2, est semblable à celui que nous venons de décrire;
3331 941 5077 1057 il est muni des mêmes erganes en fournit une production égale; mais il est de forme eylindrique
3456 1018 5074 1134 Cette forme eylindrique est préférable sont beaucoup de rapports à la forme parallelipi
3337 1092 5094 1222 pédique, notamment sont le rapport du prix de revient de la construction. — On retrouve
3363 1200 5097 1305 a tout les organes que nous avons décrits dans la forme parallélipipedique, nous mentionnerons
3337 1242 5031 1359 seulement la construction et la superposition du système eloisonnane. — Les eloisont sont
3346 1319 5071 1444 cirenlains et la moitié de ces dites claisons sont munier, sur leur deux sacer, d’une collerett
3346 1399 5060 1538 saillante, (la collerette inférieure est formée par le bord rabattu, et la collerette supérieuse, pa
4878 1458 5040 1526 de rayon
3351 1495 5085 1606 une bande rapportée) et portent une ouverture circulaire en leur centre (10 centimes). L'autre
3368 1546 5102 1683 moitié est formée par des disques d’un diametre moindre. Chacune des cloisons porte„
3363 1632 4383 1745 sur chacune de ses deux saces, quatre douiller. —
3451 1666 5088 1839 Les douillet impérieures d'une des cloisons entrent dans les douiller inférieure de
4736 1774 5082 1839 [et à les rendre solidaires]
3351 1782 5082 1913 la cloison voisine, de manière à maintenir l’écartement des claisant entre elles, en sorte
3346 1848 4991 1978 que la hauteur des dites douilles, donne la distance entre en deur claisant successives
3468 1930 5102 2061 On superpose et en alterne successivement une cloison pleine et une clorcon persorée,
3351 2015 5091 2118 en sorte qu’on obtient ainsi les passages qui permettent à la vapeur de circuler et de se
3354 2084 5099 2217 répandre successivement dans toutes les parties de l’appareil pour chauffer le desant et
3346 2157 5108 2280 le dessout dit cloisont, en produire ici encore les mêmes effets que ceux décrits dans
3348 2280 3661 2376 l’appareil No. 1
3445 2345 5105 2445 Les étagères h indiquées dans le 1er appareil pour supporter les claisons en tenir
3326 2382 5099 2521 leur écartement ne sont pas nécessaires, en raison de ce que la claisons se supportent l'une
3340 2482 5060 2601 l’autre sur leurs douilles, et leur espacement est conservé par cet mêmes douilles. —
3456 2544 5088 2675 Le dessin N=o 3 représente un appareil parallétipipédique, pour purisier l'eau destinée
3354 2624 5082 2740 â alimenter un générateur, en produisant en même temps la plus grande condensation
3357 2723 5074 2814 possible de la vapeur sortant de l'échappement de la machine. A cette fin, le réservoir B
3346 2803 5102 2894 (dessin N=o1) est pourvu d’une enveloppe C, reliée au fond, de manière à formeo un espace de
3357 2871 5105 2987 15 centimèt. de largeno, entre les parois extérieures du réservoir B, - et celles intérieure de
3348 2962 3650 3061 l'enveloppe C.
3462 3022 5088 3113 Le bord supérieur de l'enveloppe C dépasse, d’environ 45 centimes, le couverele du réservoir B.
3363 3056 5062 3212 et cette enveloppe C’est elle-même fennée à la partie superieure par un couvercle, assemblé à
3346 3155 4497 3283 l’enveloppe C par boulons et brides on par tout autre moyen
3439 3235 5088 3357 L'eau froide aspirée par la pompe ou diversée par un réservoir supérieur, est amenée
4122 3289 4619 3411 sse par le turan de dame
3368 3258 5099 3434 dans l’appareil pour être jurisiée ; elle passe par le kuyan a. dans l'espace vide formé entre les
3331 3377 5091 3510 paroit du réservoir B et de l’enveloppe C ; elle monte jusqu’au trop plein q, qui établit son
3354 3485 5099 3593 niveau supérieur normal: - La rapeno entre, comme précédemment par b, chauffe par
4147 3570 4286 3664 5.
