5471 4301
1070 1002 2766 1195 reberg stamer van den beschlaagden
1048 1092 2761 1278 aanwezig en voorde hand is be
1041 1212 2757 1349 vonden, een halve steene lieter
1046 1276 2808 1447 dewelke van Ogeen testen van ijn
1053 1366 2710 1581 of herijn was voorzien, terwijl
1039 1476 2776 1642 allen de aldaar verder bevondene
1041 1593 2796 1764 Maten en gewigten in behoorlijke
1039 1667 2796 1865 staat zijn bevonden, dat het door
1046 1755 2713 1913 den beschluagden ter terugtzitting
1065 1833 2786 2014 aangewoerde, als dienende deze halv
1029 1935 2803 2141 steene Pieter /: alhier aanweezig:/ tot
1046 2041 2739 2216 nieto anders dan tot huiszely
1053 2170 2749 2341 gebruur, en wel voornamentlijst
1056 2248 2786 2395 voor water tot reiniging der Glaze.
1053 2314 2810 2507 als zijnde voor het gerief in de heere
1053 2436 2808 2647 berg van Bier, sints Iaren niet meer
1053 2524 2827 2730 geschicht, blijstbaar Defert. en missenden
1061 2625 2810 2793 het gewoone tinne deksel waar van
1056 2730 2796 2923 allen de Overige Kunnen en lieters
1056 2842 2747 3028 in zijne herreberg voorhanden
1046 2891 2835 3138 zijn voorzien, en welk lauste door
1053 3003 2793 3192 den relatant is bevestigd, en hij
1056 3160 2810 3299 alzoo. vermeenden deze aangehaalde
1058 3262 2852 3451 lieter, aan geen eyz was onderwerpen,
3473 882 5154 1090 alle geloof verdient en bij ons de
4213 999 5198 1161 eeft doen geboren wora
3942 1070 4135 1151 ing
3499 1061 3930 1166 overtuig
3492 1085 5200 1229 dat den Beklungden ter Goeder trouw
3499 1178 5147 1322 alhier gehandeld heeft, en daar
3492 1246 5227 1408 alle het verdere in zijn request voor
3497 1339 5235 1508 komende waartierd bevat, alzoo durf
3487 1449 5203 1640 ist ingemoeiten den beklaagden, in
3504 1552 5247 1725 uwe Majesteit Goedgunstige protes
3490 1630 5235 1825 tie aan te beveelen. en wel tot Gehe
3487 1742 5230 1945 le kwijtschelding van Boeten en
3512 1887 4223 2055 Proces-Kosten
3165 2004 5127 2214 Lesten den 11:e April De Kantonregter te
4106 2121 5139 2307 Ginneken en Bavel
3260 2185 3480 2287 1859
4453 2248 5049 2436 Hintstelan.
