5345 4197
967 492 2724 667 om de weerbaarheid van het leger door oefe
990 611 2724 787 ning van eenige der met verlof zijnde ligtingen
961 755 2735 888 der nationale militie te vermeerderen; alsme
972 823 2638 990 de om door de Artillerie en genie de eerste
967 981 2722 1109 voorloopige werkzaamheden en maatregelen
979 1035 2753 1218 te doen bewerkstelligen, tot het in verdedigbare
967 1157 2704 1333 toestand brengen van eenige versterkte punten
1134 1265 2688 1434 's Raads Commissarissen hebben met de
958 1369 2632 1545 betrokkene Ministers geconfereerd over dit
972 1475 2753 1657 belangrijk onderwerp, terwijl de Raad van State
967 1621 2656 1761 instemmende met de beweegredenen, welke
961 1736 2735 1872 door de Regering zijn aangevoerd tot regtvaar
972 1829 2711 1989 diging van den voorgedragen maatregel, en
958 1930 2740 2084 ook geene bedenkingen tegen de wets voordrag
972 2023 2747 2196 hebbende, heeft gemeend zich van eene conferentie
967 2133 2717 2253 in Rade met de betrokken Ministers, te kur
972 2264 2706 2402 nen onthouden, en Uwe Majesteit eerbiedig
979 2386 2735 2526 in overweging te mogen geven, deze stukken
979 2451 2670 2625 te zenden aan de Tweede Kamer der staten
972 2589 1326 2729 Generaal
1809 2742 2616 2943 Het voorzittend hid
1606 2884 2629 3026 van den Raad van State
2178 2983 2582 3236 WJ Pilpers
3809 347 5171 555 Exh: 6 Mei 1859 Le H4
3146 483 3421 618 Kabin
3958 552 5071 760 's Hage, den 6.e Mei 1859
3159 629 3457 803 L„a R
3031 888 3867 1067 Suppletoire begrooten
3673 1473 5013 1657 Op gisteren in den Raad van
3355 1588 5141 1772 Ministers besloten zynde, dat aan Uwe
3355 1730 5164 1919 Majesteit ter kennisneming en goedkeurin
3367 1881 5146 2025 een Wets- Ontwerp zou worden aangeboden
3376 1982 5182 2147 tot verhooging, als nog nader van het Xa
3371 2104 5123 2262 Hoofdstuk der Staatsbegrooting, over
3346 2246 5123 2411 dezen jare, als een gevolg den buiten ge
3360 2329 5112 2519 wone tyds omstandigheden, neem ik
3355 2462 4970 2654 de vryheid zoodanig Wets- ontwerp,
3353 2607 5166 2735 Memorie van toelichting en adstructive
3360 2686 5108 2850 Staten Uwer Majesteit hierby voor te
3376 2857 5074 2997 leggen; – met eerbiedig verzoek, om
3360 2963 5076 3107 indien Uwe Majesteit zich met de
3346 3085 5123 3245 strekking van dit ontwerp kan vereene
3353 3152 5141 3328 gen, daarop als dan wel den Raad van
3337 3313 5112 3437 State te willen hooren, met aanbevelin
3349 3373 5101 3615 eener spoedige behandeling en afdoen in
3809 3558 5099 3750 De Minister van Oorlog
4176 3723 4988 3926 Hr. Meeert
2816 3854 3863 4048 Aan den Koning.
