5481 4211
1089 505 1598 638 que l'on desire
1257 610 2786 778 La disposition indiquée Fig. 16 est une des plus
1085 712 2786 886 usuelles. Elle consiste à employer comme Reducteur
1074 841 2732 1018 un cylindre, aijant la moitié de sa surface en rôle
1085 964 2794 1138 pleine, l’autre moitié en côle perforée; ce cylindre,
1061 1089 2794 1270 ouvert par le bas, et fermé parle haut tourne à l'aide
1082 1216 2775 1382 d'une tige, passant dans un joint à étoupes, dans
1074 1328 2764 1499 une boite cylindrique, à l'intérieur de laquelle est
1067 1443 2689 1615 fixé un autre demi cylindre, en Cole pleine, de
1050 1574 2161 1729 même hauteur quele précédent.
1274 1678 2726 1867 Alors, en tournant la clef extérieure, on fait
1074 1809 2650 1986 passer une partie plus ou moins grande de la
1052 1928 2702 2109 surface percée devant le demi cylindre en côté
1059 2070 2644 2219 pleine, agissant comme un bouclier; et alors on
1050 2178 2702 2346 reduit le débit de l'appareil au dégré que l'on
1065 2294 2305 2452 désire, sous telle pression que ce soit.
1238 2391 2726 2568 On conçoit que le résultat consistant a produire
1048 2527 2732 2708 Cette perte de Charge, à un dégré déterminé, ainsi
1050 2644 2745 2820 que cela va être expliqué, peut-être obtenu quelque
1061 2777 2708 2941 soit la forme qu'affecte la surface percée de petit
1037 2887 2732 3060 trous; quelle soit plane, bombée, conique, ou cylindri
1041 3027 2762 3183 c'est toujours le même principe. Si j'ai préféré ici, la
1044 3150 2738 3301 forme cylindrique c'est qu'elle est la plus efficace.
1037 3262 2689 3433 pour remplir l'objet désiré; et aussi parce que
1037 3381 1956 3530 l'appareil tient peu de place.
1233 3491 2689 3666 Quelque soit le mode adopté, d’un système
1052 3603 2695 3797 de Robinets, ou de plaques percées, onpeut toujours
3674 172 4390 334 Désignation
3549 541 5197 716 en accroitre l'effet en produisant la perte de charg
3566 658 5177 813 dans le tuyau d’arrivée de l’eau, soit en en
3536 765 5147 921 rétrécissant le diamètre, soit en le contournant en
3528 875 4265 1039 spiritale, serpentin, etc.
3732 998 5190 1151 A l'aide de ces précautions, des Filtres de
3530 1098 5201 1296 dimensions uniformes peuvent fonctionner, sous de
3528 1240 5246 1408 pressions quelconques; sans éprouver de détérioration. Pou
3508 1367 5171 1524 connaitre exactement la pression sous laquelle on
3519 1499 5179 1639 doit opérer, onse sert dela Boite Manométrique
3508 1611 4088 1762 representée (Fig. 17)
3754 1721 5212 1889 111 _ Addition relative au mode de nettoyage
4174 1865 4664 2001 des Appareils
3685 1956 5177 2141 Un mode spécial de nettoyage résulte, pour ce
3506 2087 5087 2275 appareils, de l’emploi d’une substance Elastique
3502 2217 5076 2368 comprinée: enfermée de toutes parts, dans des
3517 2329 4246 2488 enveloppes perméables.
3698 2437 5153 2622 Pour les dépôts adhére, à la superficie il s'agi
3513 2568 5153 2743 d'un simple lavage effectué à l'aide de brosses,
3519 2691 4927 2814 d’aspersions d’eau, à la manière ordinaire
3687 2794 5186 2978 A cet effet on opère sans démonter ses appareil
3513 2932 5177 3105 à cave fermée, à l'arde d'un simple goupillon, à sonque
3502 3042 5171 3208 tige, qui pénetre, par des Raccords-a-Bouchon, dan
3508 3191 5143 3329 l'intervalle compris entre le Filtre de la cuve. Par
3489 3295 5171 3474 les mêmes orifices, on peut introduire une aspergion
3519 3422 5093 3575 d’eau propre, donnée avec une Pompe à main,
3713 3525 5117 3696 Mais quand il arrive quela vase a pénétré
3495 3646 5115 3847 une certaine profondeur, dans la région superficiell
