5471 4301
3545 268 4412 420 Jah 27 April 1859 N.o 58
3159 362 3952 567 KantonGeregt
3217 612 3860 818 Gravenhage
3190 838 3697 972 N„o 388.G.
3943 1492 5149 1664 Onder terugzending der requeste
3654 1579 5173 1745 Uwe Majesteit ingediend door Mari
3947 1689 5211 1850 eters tes Gravenhage, om gratie
3431 1707 3878 1800 Cornelia
3444 1803 5169 1961 der straffen haar opgelegd bij vonnis van dit
3465 1890 5176 2077 Kantongeregt, ddo. 1e Maart ik, wegens 1e
3447 1977 5223 2180 als lastgeefster doen bedekken van het hout
3462 2075 5256 2278 werk nabij een schoorsteen en een rookburs,
3458 2220 5229 2359 zonder dat dit geschiedde geheel met koperen
3467 2276 5140 2477 of ijzeren platen; en 2o„ als laatgeefster doe
3500 2399 5176 2506 naken, veranderen en herstellen van eene
5039 2475 5258 2618 eesters,
3467 2493 4988 2669 vuurplaats, zonder opzigt van rood
3482 2593 5006 2752 heb ik de eer Uwer Majesteit in over
3476 2605 5247 2819 te geven, om, overeeckomstig het hiernevens
3494 2772 5247 2911 gevoegd verslag van het Openbaar Ministerie
3469 2890 5245 3051 de beide boeken te zamen te verminderen
3505 3007 5209 3192 tot op ƒ 6.9 met instandhouding overig
3500 3096 4056 3217 van het vonnis
3786 3167 4954 3346 Gravenhage, den 23 April 1859
4001 3275 4894 3415 De Kantonregter,
4490 3380 4966 3545 van Bell
