5591 4301
3210 0 4057 219 Exh. 23 April 1859 No 14
3849 71 5469 313 Advies van dem Kantonvegter ter Haslingen
3860 255 5488 433 op het requert om qvater van Divk Hauses
3865 389 4759 570 zijlst van te Twanckers.
3279 535 5080 789 De Kantonsigtes in het Kantons Haslingen
3309 748 5493 924 Gezien het véqueit van Dirk Hanser Zijlstra, winke
3287 866 5482 1047 lier wonende te Franckers, verzoekende Z. M. den Koning
3292 981 5477 1176 hem qsatin te verleenen van een geldboek van tien gale
3279 1110 5485 1321 den, waartoe hij verwezen is hij vonnis van dit Kantouge
3300 1214 4507 1398 vigt van den 12 February 1859.
3325 1340 5400 1543 Gezien het veschlag van het Openbaas Ministerie ten dezen.
3317 1502 5033 1697 Overwegende ten aanzum van het feitelijke
3325 1609 5458 1837 dat op den 15=en October 1858. nadat met den 15en Septem
3317 1763 5389 1957 bey bevorens der termijne voor dem herijk van maken en
3314 1883 5477 2094 Gewigtem was geexpireerde, in dem winkel van sequest van
3309 1996 5469 2220 voorkanden is bevonden een koperen Nederlandsche gewigt
3331 2124 5433 2297 in van een halve ons, dat niet voorzien was van den her
3314 2237 4131 2393 ijkingsletten voor 1858
3322 2355 5430 2560 Oderwegende ten aanzien van de vederen voog het vers„
3298 2486 4041 2670 leenen van qvatie,
3331 2645 5461 2810 dat door den request van't is aangevoerd, dat hij tijdens den
3306 2741 5417 2914 herijk zoodanig klein gewagtje mussende, dem Ykers heeft
3309 2876 5433 3054 verzocht hem een nieuw te bezorgen, dat dit nieuwe dan
3309 2999 5436 3196 ook door dezen bij requestants harijkte gewizten is gevoegt
3306 3131 5447 3311 en dat hij in goede vertrouwen verkleevende, dat ook dit
3300 3273 5411 3440 nieuwen van het herykingsmerk zoude zijn voorzien, het
3306 3355 5430 3591 zonders onderzoek bij zijnen overige gewigten in den win¬
3325 3517 4175 3681 kel heeft geplaatst.
3336 3613 5387 3816 dat werkelijk bij den Kantonsezters, na afloop dezes zaat
3298 3764 5362 3967 sooch het gesagt, is gezien een brief van dem Ykers aan den
