5345 4197
3611 470 4932 648 's Gravenhage, den 6.en Mei 1859
3556 742 4847 939 Leh: 7 Mei 1859 n.o 49-54.
3104 1214 3271 1365 No. 5
3532 1910 5106 2063 Bij beschikking van Uwe Majesteit van de
3378 2008 5099 2177 4e dezer, L. E 4 is, ten fine van spoedige consi
3372 2116 5029 2239 „deratien en advies, aan den Raad van State
3389 2186 5123 2357 toegezonden, een rapport van den Raad van Mi
3396 2351 5075 2487 nisters van den vorigen dag (Kabinet n=o 538)
3402 2428 5123 2588 ten geleide van een ontwerp van wet met memorie
3396 2537 5123 2711 van toelichting en bijlage tot verhooging van
3402 2660 5143 2821 het Xde Hoofdstuk der Staatsbegrooting van 1859
3385 2764 5149 2926 om te voorzien in de buitengervone Uitgaven voor
3378 2895 5051 3036 het Limburgsch Bondscontingent Kavallerie
3552 2987 5147 3148 De voorgestelde verhooging bedraagt eene som
3378 3082 4908 3246 van ƒ 667,287.83.-, verdeeld als volgt, of
3374 3189 5123 3361 Art: 10, III afdeeling, wapen der Kavallerie, staf
3690 3341 4065 3435 en corps en
4656 3297 5099 3437 ƒ 359, 287, 83
3378 3413 4537 3576 Art: 13, IV afdeeling, Remonte
4581 3431 4987 3541 „ 302, 000.
3367 3510 4983 3683 Art: 17, VII afdeeling, Geneeskundige dienst „ 5,000
3361 3622 5020 3789 Art. 29, XII afdeeling, Huisvesting enz: „ 1,000.
2906 3846 3731 3988 Aan den Koning
4965 3870 5160 4043 Alle
