5491 4203
981 367 2735 534 klasse C. van het reglement. Maar het
979 507 2746 685 kan, zoo met het oog op het laatstelyk
958 605 2753 750 door hem genotene tractement, als in ver
958 715 2737 887 band met het reeds vroeger ter zake ver
933 825 2710 1032 handelde, allezins billijk worden geacht,
940 928 2735 1144 dat zijn pensioen, overeenkomstig zijn ver
933 1036 2758 1254 langen, worde geregeld naar de klasse F
931 1165 2730 1320 aanwyzende voor 20 jaren dienst een cy
990 1270 2652 1403 ser van f 3000. - en alzoo voor 24 jaren
919 1366 2721 1563 dienst een eijfer van ƒ3600.-'s jaars. Toe„
931 1483 2723 1676 vallige omstandigheden alleen toch zyn
931 1600 2689 1768 oorraak, dat het ambt van Residen-
954 1699 2746 1827 van Timor, met reeds te gelyk met de
928 1813 2735 1944 verhooging van het daaraan verbondene
935 1907 2723 2095 tractement, voor goed in de laatstge
931 2029 2710 2221 noemde Klasse is gerangschikt gewor„
910 2125 2698 2288 den. Daaronder alsnu den jongst af-
917 2237 2710 2359 getredenen titularis te doen lijden, zoo
931 2361 2687 2556 niet van hardheid zyn vry te pleiten
1110 2467 2753 2636 p grond van het voorafgegane maar
899 2554 2689 2726 ik althans geene zwarigheid, aan Uwe
901 2668 2740 2822 Majesteit, in overeenstemming met het
910 2774 2728 2941 advies van den Gouverneur- Generaal
906 2895 2735 3072 van Nederlandich - Indie, in overweging
903 3024 2680 3219 te geven, mij te magtigen om het pen
912 3120 2664 3262 Tioen van den gewezen resident van
894 3235 2728 3414 Timor S. G. F. Fraenkel, die inteisschen
894 3370 2675 3508 hier te lande is aangekomen, wanneer
876 3459 2629 3650 hy zich daartoe tot het Departement
871 3572 2675 3712 van Koloniën zal wenden, te regelen
3436 417 5147 617 volgens de klasse F. van het pensioen
3425 523 5183 722 reglement /: Induch Staatsblad 1837
3400 626 3732 768 No. 50.
3551 752 5170 945 De overgelegde indische depêche en
3423 857 5195 1029 bylaag worden na gemaakt gebruik,
3407 958 5229 1110 eerbiediglyk van Uwe Majesteit terug
3402 1075 3808 1252 verzocht
3689 1245 5206 1426 De Minister van Staat,
3888 1403 5147 1566 Minuter van Kolonien,
4349 1561 4668 1749 Mitsen
