5429 4222
968 667 2693 839 het examen voor de hoogene Klasse hebben
985 841 2642 1009 afgezien, en hy dus naar ouderdom van
2270 904 2616 1028 menking
1319 962 2203 1089 on bevordering in aa
979 1007 1310 1162 vang van
977 1076 2594 1254 kan komen, neem ik de vryheid Uwer
970 1177 2635 1416 Majesteit voor testellen den Apotheker
983 1329 2629 1538 der 3.de Klasse Bohnensieg te benoeme
975 1437 2700 1687 tot Apotheker der 2„de Klasse en tot dat einde
998 1581 2601 1803 het concept - besluit te bekrachtigen, het
987 1717 2659 1953 welk ik de eer heb hierby ter bekrachtigin
990 1902 2366 2061 aan Uwe Majesteit voorteleggen.
1456 2054 2635 2261 De Minister van Oorlog
1955 2250 2607 2429 Van Beedel
