5491 4203
1017 334 2801 535 nen bestemd is, kan ook een afzonderly
1042 489 2806 686 ke bewaker onmogelyk ontbeerd worden
1028 587 2795 733 De Gouverneur-Generaal heeft daarom
1001 704 2758 877 by besluit van 20 November 1858, N.o 54
1015 823 2737 941 een Cipier by de bedoelde gevangenis
1026 921 2797 1138 aangesteld op eene bezoldiging van ƒ240.
1019 1024 2724 1225 's jaars. By zynen brief van diezelfde
964 1147 2765 1330 dagteekening N.o 993/54, verzoekt de Gou
1031 1248 2824 1376 verneur - Generaal de vereuchte goedken
1037 1357 2753 1529 ring op zijn besluit en magtiging om
1012 1469 2788 1654 de uitgaaf van ƒ210. als vasten post
996 1561 2829 1762 op de begrooting van Nederlandich. Indie
1015 1686 1785 1826 te mogen brenge
1161 1785 2749 1988 Tegen den genomen maatregel be-
999 1887 2806 2086 staan by my geene bedenkingen, zoodas
1001 1997 2817 2194 ik eerbiedig de vryheid neem het verzoek
1005 2118 2824 2310 van den Gouverneur-Generaal by Uwe Ma-
1015 2205 1997 2358 jesteit te ondersteunen
1095 2322 2824 2472 Bij de mededeeling van Hoogstberzelver
987 2397 2747 2641 beslissing gelieve uwe Majesteit de terug
989 2545 2692 2676 zending der nevens gaande stukken te
989 2667 1355 2820 gelasten
1478 2744 2651 2961 De Minister van Staat.
1549 2893 2719 3057 Minister van Kolonien,
1945 3066 2164 3245 Mr.
