5471 4301
3607 447 5356 713 De Officier van justitie bij de Arrs. Regt
3486 630 4446 822 bank te Tuirekzee,
3697 701 5320 953 Gezien het verzoekschrift aan hijne
3469 822 5278 1053 Megesteit den Koning aangeboden door
3484 927 5320 1152 Pieter Abrahams Van Chur Huur, arbei
3467 1036 5320 1267 der te Bommenede, oud 35 jeren, daar
3460 1160 5273 1371 toe strekkende dat hem gratie worde
3467 1231 5342 1476 verleend van eene hem opgelegde geldbaar
3669 1395 5339 1651 Aangezien de suppliant bij vormit dezer
3429 1533 5344 1801 Regtbank van der J. Januarij lb met ver„
3436 1632 5332 1925 nietiging van een vonnis van den heer Hau
3448 1780 5323 2039 ten regter te Brouwershausen, is veroordeelt
3469 1875 5313 2110 tot eene geldboete van f10, te vervangen
3448 2003 5306 2234 in geval van onvermogen door eene ge
3436 2103 5318 2369 vangenisstraf van twee dagen krachtig
3443 2212 5328 2481 de with 88 & 29 bis pr A.M van het Re„
3436 2336 5292 2638 glement op de Buurtidegen voor deze
3424 2474 5244 2730 Provincie ter zake van kijnezeit
3438 2554 5320 2918 op eenen buurtweg onder Bommenede
3419 2678 5318 3018 noodanig aan een touw te hebben van
3441 2821 5318 3103 gezet dat die in het midden van den
3431 3030 4246 3263 weg Kon komen
3621 3065 5249 3308 Aangezuen hem Officier, overigens
3412 3134 5261 3431 niets ten nadeele van den suppliant
3386 3236 5268 3555 bekend is & de geldlaete ongetuijfela
3415 3396 5273 3693 te hoog is om door den suppliant te
3412 3583 4261 3769 worden betaald,
